;; -*- mode: org; mode: beancount; -*-
;; Birth: 1980-05-12
;; Dates: 2020-01-01 - 2022-05-01
;; THIS FILE HAS BEEN AUTO-GENERATED.
* Options

option "title" "Example Beancount file"
option "operating_currency" "USD"




* Commodities


1792-01-01 commodity USD
  export: "CASH"
  name: "US Dollar"

1900-01-01 commodity VMMXX
  export: "MUTF:VMMXX (MONEY:USD)"

1980-05-12 commodity VACHR
  export: "IGNORE"
  name: "Employer Vacation Hours"

1980-05-12 commodity IRAUSD
  export: "IGNORE"
  name: "US 401k and IRA Contributions"

1995-09-18 commodity VBMPX
  export: "MUTF:VBMPX"
  name: "Vanguard Total Bond Market Index Fund Institutional Plus Shares"
  price: "USD:google/MUTF:VBMPX"

2004-01-20 commodity ITOT
  export: "NYSEARCA:ITOT"
  name: "iShares Core S&P Total U.S. Stock Market ETF"
  price: "USD:google/NYSEARCA:ITOT"

2004-01-26 commodity VHT
  export: "NYSEARCA:VHT"
  name: "Vanguard Health Care ETF"
  price: "USD:google/NYSEARCA:VHT"

2004-11-01 commodity GLD
  export: "NYSEARCA:GLD"
  name: "SPDR Gold Trust (ETF)"
  price: "USD:google/NYSEARCA:GLD"

2007-07-20 commodity VEA
  export: "NYSEARCA:VEA"
  name: "Vanguard FTSE Developed Markets ETF"
  price: "USD:google/NYSEARCA:VEA"

2009-05-01 commodity RGAGX
  export: "MUTF:RGAGX"
  name: "American Funds The Growth Fund of America Class R-6"
  price: "USD:google/MUTF:RGAGX"



* Equity Accounts

1980-05-12 open Equity:Opening-Balances
1980-05-12 open Liabilities:AccountsPayable
  asset-type: "CREDIT"



* Banking

2020-01-01 open Assets:US:BofA
  address: "123 America Street, LargeTown, USA"
  institution: "Bank of America"
  phone: "+1.012.345.6789"
  asset-type: "SAVING"
2020-01-01 open Assets:US:BofA:Checking                        USD
  account: "00234-48574897"
  asset-type: "SAVING"

2020-01-01 * "Opening Balance for checking account"
  Assets:US:BofA:Checking                         3284.08 USD
  Equity:Opening-Balances                        -3284.08 USD

2020-01-02 balance Assets:US:BofA:Checking        3284.08 USD

2020-01-04 * "BANK FEES" "Monthly bank fee"
  Assets:US:BofA:Checking                           -4.00 USD
  Expenses:Financial:Fees                            4.00 USD

2020-01-05 * "RiverBank Properties" "Paying the rent"
  Assets:US:BofA:Checking                        -2400.00 USD
  Expenses:Home:Rent                              2400.00 USD

2020-01-08 * "EDISON POWER" ""
  Assets:US:BofA:Checking                          -65.00 USD
  Expenses:Home:Electricity                         65.00 USD

2020-01-19 * "Verizon Wireless" ""
  Assets:US:BofA:Checking                          -63.09 USD
  Expenses:Home:Phone                               63.09 USD

2020-01-21 * "Wine-Tarner Cable" ""
  Assets:US:BofA:Checking                          -80.09 USD
  Expenses:Home:Internet                            80.09 USD

2020-01-29 balance Assets:US:BofA:Checking        3190.53 USD

2020-02-04 * "BANK FEES" "Monthly bank fee"
  Assets:US:BofA:Checking                           -4.00 USD
  Expenses:Financial:Fees                            4.00 USD

2020-02-04 * "RiverBank Properties" "Paying the rent"
  Assets:US:BofA:Checking                        -2400.00 USD
  Expenses:Home:Rent                              2400.00 USD

2020-02-08 * "EDISON POWER" ""
  Assets:US:BofA:Checking                          -65.00 USD
  Expenses:Home:Electricity                         65.00 USD

2020-02-18 * "Verizon Wireless" ""
  Assets:US:BofA:Checking                          -53.76 USD
  Expenses:Home:Phone                               53.76 USD

2020-02-23 * "Wine-Tarner Cable" ""
  Assets:US:BofA:Checking                          -79.96 USD
  Expenses:Home:Internet                            79.96 USD

2020-02-24 balance Assets:US:BofA:Checking        2555.29 USD

2020-03-04 * "BANK FEES" "Monthly bank fee"
  Assets:US:BofA:Checking                           -4.00 USD
  Expenses:Financial:Fees                            4.00 USD

2020-03-06 * "RiverBank Properties" "Paying the rent"
  Assets:US:BofA:Checking                        -2400.00 USD
  Expenses:Home:Rent                              2400.00 USD

2020-03-09 * "EDISON POWER" ""
  Assets:US:BofA:Checking                          -65.00 USD
  Expenses:Home:Electricity                         65.00 USD

2020-03-19 * "Verizon Wireless" ""
  Assets:US:BofA:Checking                          -57.44 USD
  Expenses:Home:Phone                               57.44 USD

2020-03-22 * "Wine-Tarner Cable" ""
  Assets:US:BofA:Checking                          -80.06 USD
  Expenses:Home:Internet                            80.06 USD

2020-03-24 balance Assets:US:BofA:Checking        2123.05 USD

2020-04-04 * "BANK FEES" "Monthly bank fee"
  Assets:US:BofA:Checking                           -4.00 USD
  Expenses:Financial:Fees                            4.00 USD

2020-04-06 * "RiverBank Properties" "Paying the rent"
  Assets:US:BofA:Checking                        -2400.00 USD
  Expenses:Home:Rent                              2400.00 USD

2020-04-09 * "EDISON POWER" ""
  Assets:US:BofA:Checking                          -65.00 USD
  Expenses:Home:Electricity                         65.00 USD

2020-04-20 * "Verizon Wireless" ""
  Assets:US:BofA:Checking                          -58.19 USD
  Expenses:Home:Phone                               58.19 USD

2020-04-22 balance Assets:US:BofA:Checking        1589.17 USD

2020-04-23 * "Wine-Tarner Cable" ""
  Assets:US:BofA:Checking                          -80.06 USD
  Expenses:Home:Internet                            80.06 USD

2020-05-04 * "BANK FEES" "Monthly bank fee"
  Assets:US:BofA:Checking                           -4.00 USD
  Expenses:Financial:Fees                            4.00 USD

2020-05-05 * "RiverBank Properties" "Paying the rent"
  Assets:US:BofA:Checking                        -2400.00 USD
  Expenses:Home:Rent                              2400.00 USD

2020-05-08 * "EDISON POWER" ""
  Assets:US:BofA:Checking                          -65.00 USD
  Expenses:Home:Electricity                         65.00 USD

2020-05-16 balance Assets:US:BofA:Checking        1210.17 USD

2020-05-20 * "Verizon Wireless" ""
  Assets:US:BofA:Checking                          -50.69 USD
  Expenses:Home:Phone                               50.69 USD

2020-05-22 * "Wine-Tarner Cable" ""
  Assets:US:BofA:Checking                          -79.94 USD
  Expenses:Home:Internet                            79.94 USD

2020-06-04 * "BANK FEES" "Monthly bank fee"
  Assets:US:BofA:Checking                           -4.00 USD
  Expenses:Financial:Fees                            4.00 USD

2020-06-04 * "RiverBank Properties" "Paying the rent"
  Assets:US:BofA:Checking                        -2400.00 USD
  Expenses:Home:Rent                              2400.00 USD

2020-06-08 * "EDISON POWER" ""
  Assets:US:BofA:Checking                          -65.00 USD
  Expenses:Home:Electricity                         65.00 USD

2020-06-13 balance Assets:US:BofA:Checking         594.66 USD

2020-06-19 * "Verizon Wireless" ""
  Assets:US:BofA:Checking                          -58.98 USD
  Expenses:Home:Phone                               58.98 USD

2020-06-21 * "Wine-Tarner Cable" ""
  Assets:US:BofA:Checking                          -80.13 USD
  Expenses:Home:Internet                            80.13 USD

2020-07-03 * "RiverBank Properties" "Paying the rent"
  Assets:US:BofA:Checking                        -2400.00 USD
  Expenses:Home:Rent                              2400.00 USD

2020-07-04 * "BANK FEES" "Monthly bank fee"
  Assets:US:BofA:Checking                           -4.00 USD
  Expenses:Financial:Fees                            4.00 USD

2020-07-08 * "EDISON POWER" ""
  Assets:US:BofA:Checking                          -65.00 USD
  Expenses:Home:Electricity                         65.00 USD

2020-07-10 balance Assets:US:BofA:Checking              0 USD

2020-07-18 * "Verizon Wireless" ""
  Assets:US:BofA:Checking                          -63.59 USD
  Expenses:Home:Phone                               63.59 USD

2020-07-21 * "Wine-Tarner Cable" ""
  Assets:US:BofA:Checking                          -79.95 USD
  Expenses:Home:Internet                            79.95 USD

2020-07-31 balance Assets:US:BofA:Checking        3257.66 USD

2020-08-04 * "BANK FEES" "Monthly bank fee"
  Assets:US:BofA:Checking                           -4.00 USD
  Expenses:Financial:Fees                            4.00 USD

2020-08-04 * "RiverBank Properties" "Paying the rent"
  Assets:US:BofA:Checking                        -2400.00 USD
  Expenses:Home:Rent                              2400.00 USD

2020-08-09 * "EDISON POWER" ""
  Assets:US:BofA:Checking                          -65.00 USD
  Expenses:Home:Electricity                         65.00 USD

2020-08-18 * "Verizon Wireless" ""
  Assets:US:BofA:Checking                          -57.40 USD
  Expenses:Home:Phone                               57.40 USD

2020-08-23 * "Wine-Tarner Cable" ""
  Assets:US:BofA:Checking                          -79.89 USD
  Expenses:Home:Internet                            79.89 USD

2020-08-28 balance Assets:US:BofA:Checking        5158.72 USD

2020-09-04 * "BANK FEES" "Monthly bank fee"
  Assets:US:BofA:Checking                           -4.00 USD
  Expenses:Financial:Fees                            4.00 USD

2020-09-06 * "RiverBank Properties" "Paying the rent"
  Assets:US:BofA:Checking                        -2400.00 USD
  Expenses:Home:Rent                              2400.00 USD

2020-09-09 * "EDISON POWER" ""
  Assets:US:BofA:Checking                          -65.00 USD
  Expenses:Home:Electricity                         65.00 USD

2020-09-11 * "Transfering accumulated savings to other account"
  Assets:US:BofA:Checking                           -4000 USD
  Assets:US:ETrade:Cash                              4000 USD

2020-09-20 * "Verizon Wireless" ""
  Assets:US:BofA:Checking                          -43.82 USD
  Expenses:Home:Phone                               43.82 USD

2020-09-21 * "Wine-Tarner Cable" ""
  Assets:US:BofA:Checking                          -79.93 USD
  Expenses:Home:Internet                            79.93 USD

2020-09-26 balance Assets:US:BofA:Checking        3434.51 USD

2020-10-04 * "BANK FEES" "Monthly bank fee"
  Assets:US:BofA:Checking                           -4.00 USD
  Expenses:Financial:Fees                            4.00 USD

2020-10-04 * "RiverBank Properties" "Paying the rent"
  Assets:US:BofA:Checking                        -2400.00 USD
  Expenses:Home:Rent                              2400.00 USD

2020-10-09 * "EDISON POWER" ""
  Assets:US:BofA:Checking                          -65.00 USD
  Expenses:Home:Electricity                         65.00 USD

2020-10-19 * "Verizon Wireless" ""
  Assets:US:BofA:Checking                          -52.62 USD
  Expenses:Home:Phone                               52.62 USD

2020-10-23 * "Wine-Tarner Cable" ""
  Assets:US:BofA:Checking                          -79.90 USD
  Expenses:Home:Internet                            79.90 USD

2020-10-23 * "Transfering accumulated savings to other account"
  Assets:US:BofA:Checking                           -4000 USD
  Assets:US:ETrade:Cash                              4000 USD

2020-10-24 balance Assets:US:BofA:Checking        1448.12 USD

2020-11-04 * "BANK FEES" "Monthly bank fee"
  Assets:US:BofA:Checking                           -4.00 USD
  Expenses:Financial:Fees                            4.00 USD

2020-11-06 * "RiverBank Properties" "Paying the rent"
  Assets:US:BofA:Checking                        -2400.00 USD
  Expenses:Home:Rent                              2400.00 USD

2020-11-09 * "EDISON POWER" ""
  Assets:US:BofA:Checking                          -65.00 USD
  Expenses:Home:Electricity                         65.00 USD

2020-11-13 balance Assets:US:BofA:Checking         695.02 USD

2020-11-18 * "Verizon Wireless" ""
  Assets:US:BofA:Checking                          -84.34 USD
  Expenses:Home:Phone                               84.34 USD

2020-11-23 * "Wine-Tarner Cable" ""
  Assets:US:BofA:Checking                          -79.83 USD
  Expenses:Home:Internet                            79.83 USD

2020-12-04 balance Assets:US:BofA:Checking        5670.51 USD

2020-12-04 * "BANK FEES" "Monthly bank fee"
  Assets:US:BofA:Checking                           -4.00 USD
  Expenses:Financial:Fees                            4.00 USD

2020-12-05 * "RiverBank Properties" "Paying the rent"
  Assets:US:BofA:Checking                        -2400.00 USD
  Expenses:Home:Rent                              2400.00 USD

2020-12-08 * "EDISON POWER" ""
  Assets:US:BofA:Checking                          -65.00 USD
  Expenses:Home:Electricity                         65.00 USD

2020-12-18 * "Verizon Wireless" ""
  Assets:US:BofA:Checking                          -60.46 USD
  Expenses:Home:Phone                               60.46 USD

2020-12-23 * "Wine-Tarner Cable" ""
  Assets:US:BofA:Checking                          -79.99 USD
  Expenses:Home:Internet                            79.99 USD

2021-01-03 balance Assets:US:BofA:Checking        8022.38 USD

2021-01-03 * "RiverBank Properties" "Paying the rent"
  Assets:US:BofA:Checking                        -2400.00 USD
  Expenses:Home:Rent                              2400.00 USD

2021-01-04 * "BANK FEES" "Monthly bank fee"
  Assets:US:BofA:Checking                           -4.00 USD
  Expenses:Financial:Fees                            4.00 USD

2021-01-09 * "EDISON POWER" ""
  Assets:US:BofA:Checking                          -65.00 USD
  Expenses:Home:Electricity                         65.00 USD

2021-01-18 * "Verizon Wireless" ""
  Assets:US:BofA:Checking                          -59.72 USD
  Expenses:Home:Phone                               59.72 USD

2021-01-23 * "Wine-Tarner Cable" ""
  Assets:US:BofA:Checking                          -79.82 USD
  Expenses:Home:Internet                            79.82 USD

2021-02-02 balance Assets:US:BofA:Checking        7455.48 USD

2021-02-03 * "RiverBank Properties" "Paying the rent"
  Assets:US:BofA:Checking                        -2400.00 USD
  Expenses:Home:Rent                              2400.00 USD

2021-02-04 * "BANK FEES" "Monthly bank fee"
  Assets:US:BofA:Checking                           -4.00 USD
  Expenses:Financial:Fees                            4.00 USD

2021-02-09 * "EDISON POWER" ""
  Assets:US:BofA:Checking                          -65.00 USD
  Expenses:Home:Electricity                         65.00 USD

2021-02-18 * "Verizon Wireless" ""
  Assets:US:BofA:Checking                          -55.64 USD
  Expenses:Home:Phone                               55.64 USD

2021-02-21 * "Wine-Tarner Cable" ""
  Assets:US:BofA:Checking                          -79.95 USD
  Expenses:Home:Internet                            79.95 USD

2021-03-03 * "RiverBank Properties" "Paying the rent"
  Assets:US:BofA:Checking                        -2400.00 USD
  Expenses:Home:Rent                              2400.00 USD

2021-03-04 balance Assets:US:BofA:Checking        4531.65 USD

2021-03-04 * "BANK FEES" "Monthly bank fee"
  Assets:US:BofA:Checking                           -4.00 USD
  Expenses:Financial:Fees                            4.00 USD

2021-03-08 * "EDISON POWER" ""
  Assets:US:BofA:Checking                          -65.00 USD
  Expenses:Home:Electricity                         65.00 USD

2021-03-20 * "Verizon Wireless" ""
  Assets:US:BofA:Checking                          -66.06 USD
  Expenses:Home:Phone                               66.06 USD

2021-03-21 * "Wine-Tarner Cable" ""
  Assets:US:BofA:Checking                          -79.98 USD
  Expenses:Home:Internet                            79.98 USD

2021-03-27 balance Assets:US:BofA:Checking        6408.42 USD

2021-04-04 * "BANK FEES" "Monthly bank fee"
  Assets:US:BofA:Checking                           -4.00 USD
  Expenses:Financial:Fees                            4.00 USD

2021-04-05 * "RiverBank Properties" "Paying the rent"
  Assets:US:BofA:Checking                        -2400.00 USD
  Expenses:Home:Rent                              2400.00 USD

2021-04-09 * "EDISON POWER" ""
  Assets:US:BofA:Checking                          -65.00 USD
  Expenses:Home:Electricity                         65.00 USD

2021-04-19 balance Assets:US:BofA:Checking        4200.13 USD

2021-04-19 * "Verizon Wireless" ""
  Assets:US:BofA:Checking                          -63.52 USD
  Expenses:Home:Phone                               63.52 USD

2021-04-21 * "Wine-Tarner Cable" ""
  Assets:US:BofA:Checking                          -79.97 USD
  Expenses:Home:Internet                            79.97 USD

2021-05-03 * "RiverBank Properties" "Paying the rent"
  Assets:US:BofA:Checking                        -2400.00 USD
  Expenses:Home:Rent                              2400.00 USD

2021-05-04 * "BANK FEES" "Monthly bank fee"
  Assets:US:BofA:Checking                           -4.00 USD
  Expenses:Financial:Fees                            4.00 USD

2021-05-08 * "EDISON POWER" ""
  Assets:US:BofA:Checking                          -65.00 USD
  Expenses:Home:Electricity                         65.00 USD

2021-05-09 balance Assets:US:BofA:Checking        4288.84 USD

2021-05-20 * "Verizon Wireless" ""
  Assets:US:BofA:Checking                          -47.68 USD
  Expenses:Home:Phone                               47.68 USD

2021-05-23 * "Wine-Tarner Cable" ""
  Assets:US:BofA:Checking                          -80.16 USD
  Expenses:Home:Internet                            80.16 USD

2021-06-01 balance Assets:US:BofA:Checking        5005.07 USD

2021-06-04 * "BANK FEES" "Monthly bank fee"
  Assets:US:BofA:Checking                           -4.00 USD
  Expenses:Financial:Fees                            4.00 USD

2021-06-05 * "RiverBank Properties" "Paying the rent"
  Assets:US:BofA:Checking                        -2400.00 USD
  Expenses:Home:Rent                              2400.00 USD

2021-06-08 * "EDISON POWER" ""
  Assets:US:BofA:Checking                          -65.00 USD
  Expenses:Home:Electricity                         65.00 USD

2021-06-18 * "Verizon Wireless" ""
  Assets:US:BofA:Checking                          -60.55 USD
  Expenses:Home:Phone                               60.55 USD

2021-06-21 * "Wine-Tarner Cable" ""
  Assets:US:BofA:Checking                          -79.91 USD
  Expenses:Home:Internet                            79.91 USD

2021-06-27 balance Assets:US:BofA:Checking        4530.15 USD

2021-07-03 * "RiverBank Properties" "Paying the rent"
  Assets:US:BofA:Checking                        -2400.00 USD
  Expenses:Home:Rent                              2400.00 USD

2021-07-04 * "BANK FEES" "Monthly bank fee"
  Assets:US:BofA:Checking                           -4.00 USD
  Expenses:Financial:Fees                            4.00 USD

2021-07-09 * "EDISON POWER" ""
  Assets:US:BofA:Checking                          -65.00 USD
  Expenses:Home:Electricity                         65.00 USD

2021-07-18 * "Verizon Wireless" ""
  Assets:US:BofA:Checking                          -62.77 USD
  Expenses:Home:Phone                               62.77 USD

2021-07-21 * "Wine-Tarner Cable" ""
  Assets:US:BofA:Checking                          -80.21 USD
  Expenses:Home:Internet                            80.21 USD

2021-07-22 balance Assets:US:BofA:Checking        3936.30 USD

2021-08-04 * "BANK FEES" "Monthly bank fee"
  Assets:US:BofA:Checking                           -4.00 USD
  Expenses:Financial:Fees                            4.00 USD

2021-08-05 * "RiverBank Properties" "Paying the rent"
  Assets:US:BofA:Checking                        -2400.00 USD
  Expenses:Home:Rent                              2400.00 USD

2021-08-09 * "EDISON POWER" ""
  Assets:US:BofA:Checking                          -65.00 USD
  Expenses:Home:Electricity                         65.00 USD

2021-08-13 * "Transfering accumulated savings to other account"
  Assets:US:BofA:Checking                           -3500 USD
  Assets:US:ETrade:Cash                              3500 USD

2021-08-19 * "Verizon Wireless" ""
  Assets:US:BofA:Checking                          -49.71 USD
  Expenses:Home:Phone                               49.71 USD

2021-08-20 balance Assets:US:BofA:Checking         715.25 USD

2021-08-22 * "Wine-Tarner Cable" ""
  Assets:US:BofA:Checking                          -79.94 USD
  Expenses:Home:Internet                            79.94 USD

2021-09-04 * "BANK FEES" "Monthly bank fee"
  Assets:US:BofA:Checking                           -4.00 USD
  Expenses:Financial:Fees                            4.00 USD

2021-09-06 * "RiverBank Properties" "Paying the rent"
  Assets:US:BofA:Checking                        -2400.00 USD
  Expenses:Home:Rent                              2400.00 USD

2021-09-09 * "EDISON POWER" ""
  Assets:US:BofA:Checking                          -65.00 USD
  Expenses:Home:Electricity                         65.00 USD

2021-09-17 balance Assets:US:BofA:Checking        2704.96 USD

2021-09-20 * "Verizon Wireless" ""
  Assets:US:BofA:Checking                          -60.17 USD
  Expenses:Home:Phone                               60.17 USD

2021-09-21 * "Wine-Tarner Cable" ""
  Assets:US:BofA:Checking                          -80.05 USD
  Expenses:Home:Internet                            80.05 USD

2021-10-04 * "BANK FEES" "Monthly bank fee"
  Assets:US:BofA:Checking                           -4.00 USD
  Expenses:Financial:Fees                            4.00 USD

2021-10-05 * "RiverBank Properties" "Paying the rent"
  Assets:US:BofA:Checking                        -2400.00 USD
  Expenses:Home:Rent                              2400.00 USD

2021-10-08 balance Assets:US:BofA:Checking        4623.82 USD

2021-10-08 * "EDISON POWER" ""
  Assets:US:BofA:Checking                          -65.00 USD
  Expenses:Home:Electricity                         65.00 USD

2021-10-08 * "Transfering accumulated savings to other account"
  Assets:US:BofA:Checking                           -4000 USD
  Assets:US:ETrade:Cash                              4000 USD

2021-10-19 * "Verizon Wireless" ""
  Assets:US:BofA:Checking                          -74.09 USD
  Expenses:Home:Phone                               74.09 USD

2021-10-23 * "Wine-Tarner Cable" ""
  Assets:US:BofA:Checking                          -79.95 USD
  Expenses:Home:Internet                            79.95 USD

2021-10-30 balance Assets:US:BofA:Checking        2955.38 USD

2021-11-04 * "BANK FEES" "Monthly bank fee"
  Assets:US:BofA:Checking                           -4.00 USD
  Expenses:Financial:Fees                            4.00 USD

2021-11-05 * "RiverBank Properties" "Paying the rent"
  Assets:US:BofA:Checking                        -2400.00 USD
  Expenses:Home:Rent                              2400.00 USD

2021-11-08 * "EDISON POWER" ""
  Assets:US:BofA:Checking                          -65.00 USD
  Expenses:Home:Electricity                         65.00 USD

2021-11-19 * "Transfering accumulated savings to other account"
  Assets:US:BofA:Checking                           -3500 USD
  Assets:US:ETrade:Cash                              3500 USD

2021-11-20 * "Verizon Wireless" ""
  Assets:US:BofA:Checking                          -67.42 USD
  Expenses:Home:Phone                               67.42 USD

2021-11-21 balance Assets:US:BofA:Checking        1303.73 USD

2021-11-23 * "Wine-Tarner Cable" ""
  Assets:US:BofA:Checking                          -79.96 USD
  Expenses:Home:Internet                            79.96 USD

2021-12-04 * "BANK FEES" "Monthly bank fee"
  Assets:US:BofA:Checking                           -4.00 USD
  Expenses:Financial:Fees                            4.00 USD

2021-12-04 * "RiverBank Properties" "Paying the rent"
  Assets:US:BofA:Checking                        -2400.00 USD
  Expenses:Home:Rent                              2400.00 USD

2021-12-08 * "EDISON POWER" ""
  Assets:US:BofA:Checking                          -65.00 USD
  Expenses:Home:Electricity                         65.00 USD

2021-12-13 balance Assets:US:BofA:Checking         545.77 USD

2021-12-20 * "Verizon Wireless" ""
  Assets:US:BofA:Checking                          -50.76 USD
  Expenses:Home:Phone                               50.76 USD

2021-12-21 * "Wine-Tarner Cable" ""
  Assets:US:BofA:Checking                          -79.82 USD
  Expenses:Home:Internet                            79.82 USD

2022-01-02 balance Assets:US:BofA:Checking        5836.39 USD

2022-01-04 * "BANK FEES" "Monthly bank fee"
  Assets:US:BofA:Checking                           -4.00 USD
  Expenses:Financial:Fees                            4.00 USD

2022-01-06 * "RiverBank Properties" "Paying the rent"
  Assets:US:BofA:Checking                        -2400.00 USD
  Expenses:Home:Rent                              2400.00 USD

2022-01-08 * "EDISON POWER" ""
  Assets:US:BofA:Checking                          -65.00 USD
  Expenses:Home:Electricity                         65.00 USD

2022-01-20 * "Verizon Wireless" ""
  Assets:US:BofA:Checking                          -39.13 USD
  Expenses:Home:Phone                               39.13 USD

2022-01-21 * "Wine-Tarner Cable" ""
  Assets:US:BofA:Checking                          -80.14 USD
  Expenses:Home:Internet                            80.14 USD

2022-01-28 balance Assets:US:BofA:Checking        5128.76 USD

2022-02-03 * "RiverBank Properties" "Paying the rent"
  Assets:US:BofA:Checking                        -2400.00 USD
  Expenses:Home:Rent                              2400.00 USD

2022-02-04 * "BANK FEES" "Monthly bank fee"
  Assets:US:BofA:Checking                           -4.00 USD
  Expenses:Financial:Fees                            4.00 USD

2022-02-08 * "EDISON POWER" ""
  Assets:US:BofA:Checking                          -65.00 USD
  Expenses:Home:Electricity                         65.00 USD

2022-02-18 * "Verizon Wireless" ""
  Assets:US:BofA:Checking                          -78.42 USD
  Expenses:Home:Phone                               78.42 USD

2022-02-22 balance Assets:US:BofA:Checking        3134.43 USD

2022-02-22 * "Wine-Tarner Cable" ""
  Assets:US:BofA:Checking                          -79.95 USD
  Expenses:Home:Internet                            79.95 USD

2022-03-04 * "BANK FEES" "Monthly bank fee"
  Assets:US:BofA:Checking                           -4.00 USD
  Expenses:Financial:Fees                            4.00 USD

2022-03-04 * "RiverBank Properties" "Paying the rent"
  Assets:US:BofA:Checking                        -2400.00 USD
  Expenses:Home:Rent                              2400.00 USD

2022-03-08 * "EDISON POWER" ""
  Assets:US:BofA:Checking                          -65.00 USD
  Expenses:Home:Electricity                         65.00 USD

2022-03-19 * "Verizon Wireless" ""
  Assets:US:BofA:Checking                          -56.09 USD
  Expenses:Home:Phone                               56.09 USD

2022-03-22 * "Wine-Tarner Cable" ""
  Assets:US:BofA:Checking                          -80.07 USD
  Expenses:Home:Internet                            80.07 USD

2022-03-23 balance Assets:US:BofA:Checking        2601.10 USD

2022-04-04 * "BANK FEES" "Monthly bank fee"
  Assets:US:BofA:Checking                           -4.00 USD
  Expenses:Financial:Fees                            4.00 USD

2022-04-05 * "RiverBank Properties" "Paying the rent"
  Assets:US:BofA:Checking                        -2400.00 USD
  Expenses:Home:Rent                              2400.00 USD

2022-04-09 * "EDISON POWER" ""
  Assets:US:BofA:Checking                          -65.00 USD
  Expenses:Home:Electricity                         65.00 USD

2022-04-19 * "Verizon Wireless" ""
  Assets:US:BofA:Checking                          -59.66 USD
  Expenses:Home:Phone                               59.66 USD

2022-04-20 balance Assets:US:BofA:Checking        1905.87 USD

2022-04-21 * "Wine-Tarner Cable" ""
  Assets:US:BofA:Checking                          -79.97 USD
  Expenses:Home:Internet                            79.97 USD



* Credit-Cards

1980-05-12 open Liabilities:US:Chase:Slate                      USD
  asset-type: "CREDIT"

2020-01-02 * "China Garden" "Eating out alone"
  Liabilities:US:Chase:Slate                       -27.87 USD
  Expenses:Food:Restaurant                          27.87 USD

2020-01-05 * "Rose Flower" "Eating out with work buddies"
  Liabilities:US:Chase:Slate                       -44.50 USD
  Expenses:Food:Restaurant                          44.50 USD

2020-01-07 * "Goba Goba" "Eating out with Natasha"
  Liabilities:US:Chase:Slate                       -33.29 USD
  Expenses:Food:Restaurant                          33.29 USD

2020-01-09 * "Chichipotle" "Eating out alone"
  Liabilities:US:Chase:Slate                       -25.07 USD
  Expenses:Food:Restaurant                          25.07 USD

2020-01-10 * "Uncle Boons" "Eating out with Natasha"
  Liabilities:US:Chase:Slate                       -34.79 USD
  Expenses:Food:Restaurant                          34.79 USD

2020-01-11 * "Chase:Slate" "Paying off credit card"
  Liabilities:US:Chase:Slate                       182.57 USD
  Assets:US:BofA:Checking                         -182.57 USD

2020-01-12 * "Uncle Boons" "Eating out with Bill"
  Liabilities:US:Chase:Slate                       -17.05 USD
  Expenses:Food:Restaurant                          17.05 USD

2020-01-12 * "Farmer Fresh" "Buying groceries"
  Liabilities:US:Chase:Slate                       -70.79 USD
  Expenses:Food:Groceries                           70.79 USD

2020-01-17 * "Cafe Modagor" "Eating out with Natasha"
  Liabilities:US:Chase:Slate                       -49.61 USD
  Expenses:Food:Restaurant                          49.61 USD

2020-01-22 balance Liabilities:US:Chase:Slate     -120.40 USD

2020-01-22 * "Kin Soy" "Eating out after work"
  Liabilities:US:Chase:Slate                       -45.95 USD
  Expenses:Food:Restaurant                          45.95 USD

2020-01-24 * "Cafe Modagor" "Eating out "
  Liabilities:US:Chase:Slate                       -31.50 USD
  Expenses:Food:Restaurant                          31.50 USD

2020-01-28 * "Cafe Modagor" "Eating out with Joe"
  Liabilities:US:Chase:Slate                       -10.29 USD
  Expenses:Food:Restaurant                          10.29 USD

2020-01-28 * "Corner Deli" "Buying groceries"
  Liabilities:US:Chase:Slate                      -101.60 USD
  Expenses:Food:Groceries                          101.60 USD

2020-02-01 * "Uncle Boons" "Eating out alone"
  Liabilities:US:Chase:Slate                       -19.83 USD
  Expenses:Food:Restaurant                          19.83 USD

2020-02-01 * "Metro Transport Authority" "Tram tickets"
  Liabilities:US:Chase:Slate                      -120.00 USD
  Expenses:Transport:Tram                          120.00 USD

2020-02-04 * "China Garden" "Eating out with work buddies"
  Liabilities:US:Chase:Slate                       -18.89 USD
  Expenses:Food:Restaurant                          18.89 USD

2020-02-05 * "Uncle Boons" "Eating out with Joe"
  Liabilities:US:Chase:Slate                       -23.48 USD
  Expenses:Food:Restaurant                          23.48 USD

2020-02-07 * "China Garden" "Eating out with work buddies"
  Liabilities:US:Chase:Slate                       -29.93 USD
  Expenses:Food:Restaurant                          29.93 USD

2020-02-07 * "Corner Deli" "Buying groceries"
  Liabilities:US:Chase:Slate                      -117.01 USD
  Expenses:Food:Groceries                          117.01 USD

2020-02-09 * "Goba Goba" "Eating out with Julie"
  Liabilities:US:Chase:Slate                       -34.38 USD
  Expenses:Food:Restaurant                          34.38 USD

2020-02-11 * "Chase:Slate" "Paying off credit card"
  Liabilities:US:Chase:Slate                       733.72 USD
  Assets:US:BofA:Checking                         -733.72 USD

2020-02-12 * "Kin Soy" "Eating out after work"
  Liabilities:US:Chase:Slate                       -60.46 USD
  Expenses:Food:Restaurant                          60.46 USD

2020-02-14 balance Liabilities:US:Chase:Slate           0 USD

2020-02-16 * "Good Moods Market" "Buying groceries"
  Liabilities:US:Chase:Slate                       -69.36 USD
  Expenses:Food:Groceries                           69.36 USD

2020-02-17 * "Rose Flower" "Eating out alone"
  Liabilities:US:Chase:Slate                       -17.10 USD
  Expenses:Food:Restaurant                          17.10 USD

2020-02-18 * "Rose Flower" "Eating out with Julie"
  Liabilities:US:Chase:Slate                       -27.07 USD
  Expenses:Food:Restaurant                          27.07 USD

2020-02-19 * "Cafe Modagor" "Eating out with Julie"
  Liabilities:US:Chase:Slate                       -17.09 USD
  Expenses:Food:Restaurant                          17.09 USD

2020-02-23 * "Cafe Modagor" "Eating out alone"
  Liabilities:US:Chase:Slate                       -32.82 USD
  Expenses:Food:Restaurant                          32.82 USD

2020-02-28 * "China Garden" "Eating out with Julie"
  Liabilities:US:Chase:Slate                       -45.29 USD
  Expenses:Food:Restaurant                          45.29 USD

2020-03-03 * "Metro Transport Authority" "Tram tickets"
  Liabilities:US:Chase:Slate                      -120.00 USD
  Expenses:Transport:Tram                          120.00 USD

2020-03-04 * "Chichipotle" "Eating out with Joe"
  Liabilities:US:Chase:Slate                       -28.62 USD
  Expenses:Food:Restaurant                          28.62 USD

2020-03-05 * "Chichipotle" "Eating out with work buddies"
  Liabilities:US:Chase:Slate                       -20.75 USD
  Expenses:Food:Restaurant                          20.75 USD

2020-03-06 * "Onion Market" "Buying groceries"
  Liabilities:US:Chase:Slate                       -83.45 USD
  Expenses:Food:Groceries                           83.45 USD

2020-03-08 * "China Garden" "Eating out "
  Liabilities:US:Chase:Slate                       -44.86 USD
  Expenses:Food:Restaurant                          44.86 USD

2020-03-09 balance Liabilities:US:Chase:Slate     -506.41 USD

2020-03-09 * "Chase:Slate" "Paying off credit card"
  Liabilities:US:Chase:Slate                       526.94 USD
  Assets:US:BofA:Checking                         -526.94 USD

2020-03-12 * "Uncle Boons" "Eating out after work"
  Liabilities:US:Chase:Slate                       -20.53 USD
  Expenses:Food:Restaurant                          20.53 USD

2020-03-14 * "Kin Soy" "Eating out "
  Liabilities:US:Chase:Slate                       -13.61 USD
  Expenses:Food:Restaurant                          13.61 USD

2020-03-16 * "Onion Market" "Buying groceries"
  Liabilities:US:Chase:Slate                       -79.49 USD
  Expenses:Food:Groceries                           79.49 USD

2020-03-17 * "Uncle Boons" "Eating out with Julie"
  Liabilities:US:Chase:Slate                       -42.44 USD
  Expenses:Food:Restaurant                          42.44 USD

2020-03-21 * "Uncle Boons" "Eating out alone"
  Liabilities:US:Chase:Slate                       -56.83 USD
  Expenses:Food:Restaurant                          56.83 USD

2020-03-25 * "Uncle Boons" "Eating out after work"
  Liabilities:US:Chase:Slate                       -24.64 USD
  Expenses:Food:Restaurant                          24.64 USD

2020-03-28 * "Farmer Fresh" "Buying groceries"
  Liabilities:US:Chase:Slate                       -78.62 USD
  Expenses:Food:Groceries                           78.62 USD

2020-03-29 * "Rose Flower" "Eating out with Bill"
  Liabilities:US:Chase:Slate                       -16.67 USD
  Expenses:Food:Restaurant                          16.67 USD

2020-03-31 * "Metro Transport Authority" "Tram tickets"
  Liabilities:US:Chase:Slate                      -120.00 USD
  Expenses:Transport:Tram                          120.00 USD

2020-04-01 * "Chichipotle" "Eating out "
  Liabilities:US:Chase:Slate                       -34.89 USD
  Expenses:Food:Restaurant                          34.89 USD

2020-04-02 balance Liabilities:US:Chase:Slate     -467.19 USD

2020-04-02 * "Corner Deli" "Buying groceries"
  Liabilities:US:Chase:Slate                       -89.47 USD
  Expenses:Food:Groceries                           89.47 USD

2020-04-03 * "Jewel of Morroco" "Eating out "
  Liabilities:US:Chase:Slate                       -42.63 USD
  Expenses:Food:Restaurant                          42.63 USD

2020-04-04 * "Kin Soy" "Eating out with Bill"
  Liabilities:US:Chase:Slate                       -44.03 USD
  Expenses:Food:Restaurant                          44.03 USD

2020-04-07 * "Cafe Modagor" "Eating out with Joe"
  Liabilities:US:Chase:Slate                       -42.07 USD
  Expenses:Food:Restaurant                          42.07 USD

2020-04-08 * "Chase:Slate" "Paying off credit card"
  Liabilities:US:Chase:Slate                       707.89 USD
  Assets:US:BofA:Checking                         -707.89 USD

2020-04-11 * "Chichipotle" "Eating out with Joe"
  Liabilities:US:Chase:Slate                       -22.50 USD
  Expenses:Food:Restaurant                          22.50 USD

2020-04-16 * "Goba Goba" "Eating out with Bill"
  Liabilities:US:Chase:Slate                       -31.47 USD
  Expenses:Food:Restaurant                          31.47 USD

2020-04-20 * "Jewel of Morroco" "Eating out with work buddies"
  Liabilities:US:Chase:Slate                       -51.93 USD
  Expenses:Food:Restaurant                          51.93 USD

2020-04-21 * "Good Moods Market" "Buying groceries"
  Liabilities:US:Chase:Slate                       -75.97 USD
  Expenses:Food:Groceries                           75.97 USD

2020-04-24 * "Jewel of Morroco" "Eating out with Natasha"
  Liabilities:US:Chase:Slate                       -28.54 USD
  Expenses:Food:Restaurant                          28.54 USD

2020-04-28 * "Goba Goba" "Eating out after work"
  Liabilities:US:Chase:Slate                       -58.30 USD
  Expenses:Food:Restaurant                          58.30 USD

2020-04-29 * "Rose Flower" "Eating out alone"
  Liabilities:US:Chase:Slate                       -54.46 USD
  Expenses:Food:Restaurant                          54.46 USD

2020-04-29 * "Metro Transport Authority" "Tram tickets"
  Liabilities:US:Chase:Slate                      -120.00 USD
  Expenses:Transport:Tram                          120.00 USD

2020-05-01 balance Liabilities:US:Chase:Slate     -420.67 USD

2020-05-02 * "China Garden" "Eating out with Bill"
  Liabilities:US:Chase:Slate                       -17.75 USD
  Expenses:Food:Restaurant                          17.75 USD

2020-05-06 * "Rose Flower" "Eating out with Joe"
  Liabilities:US:Chase:Slate                       -16.21 USD
  Expenses:Food:Restaurant                          16.21 USD

2020-05-08 * "Farmer Fresh" "Buying groceries"
  Liabilities:US:Chase:Slate                       -47.07 USD
  Expenses:Food:Groceries                           47.07 USD

2020-05-10 * "Goba Goba" "Eating out after work"
  Liabilities:US:Chase:Slate                       -29.44 USD
  Expenses:Food:Restaurant                          29.44 USD

2020-05-10 * "Chase:Slate" "Paying off credit card"
  Liabilities:US:Chase:Slate                       531.14 USD
  Assets:US:BofA:Checking                         -531.14 USD

2020-05-12 * "Goba Goba" "Eating out after work"
  Liabilities:US:Chase:Slate                       -38.44 USD
  Expenses:Food:Restaurant                          38.44 USD

2020-05-16 * "China Garden" "Eating out with work buddies"
  Liabilities:US:Chase:Slate                       -22.07 USD
  Expenses:Food:Restaurant                          22.07 USD

2020-05-19 * "China Garden" "Eating out "
  Liabilities:US:Chase:Slate                       -25.96 USD
  Expenses:Food:Restaurant                          25.96 USD

2020-05-19 * "Farmer Fresh" "Buying groceries"
  Liabilities:US:Chase:Slate                       -85.25 USD
  Expenses:Food:Groceries                           85.25 USD

2020-05-20 * "Kin Soy" "Eating out with Joe"
  Liabilities:US:Chase:Slate                       -46.00 USD
  Expenses:Food:Restaurant                          46.00 USD

2020-05-22 balance Liabilities:US:Chase:Slate     -217.72 USD

2020-05-24 * "Rose Flower" "Eating out with Joe"
  Liabilities:US:Chase:Slate                       -31.71 USD
  Expenses:Food:Restaurant                          31.71 USD

2020-05-26 * "Rose Flower" "Eating out with Natasha"
  Liabilities:US:Chase:Slate                       -33.14 USD
  Expenses:Food:Restaurant                          33.14 USD

2020-05-26 * "Farmer Fresh" "Buying groceries"
  Liabilities:US:Chase:Slate                      -111.37 USD
  Expenses:Food:Groceries                          111.37 USD

2020-05-31 * "Rose Flower" "Eating out with Joe"
  Liabilities:US:Chase:Slate                       -38.02 USD
  Expenses:Food:Restaurant                          38.02 USD

2020-06-01 * "Metro Transport Authority" "Tram tickets"
  Liabilities:US:Chase:Slate                      -120.00 USD
  Expenses:Transport:Tram                          120.00 USD

2020-06-02 * "Rose Flower" "Eating out after work"
  Liabilities:US:Chase:Slate                       -17.30 USD
  Expenses:Food:Restaurant                          17.30 USD

2020-06-03 * "Kin Soy" "Eating out after work"
  Liabilities:US:Chase:Slate                       -24.71 USD
  Expenses:Food:Restaurant                          24.71 USD

2020-06-04 * "Goba Goba" "Eating out with work buddies"
  Liabilities:US:Chase:Slate                       -20.01 USD
  Expenses:Food:Restaurant                          20.01 USD

2020-06-05 * "Cafe Modagor" "Eating out with Bill"
  Liabilities:US:Chase:Slate                       -36.08 USD
  Expenses:Food:Restaurant                          36.08 USD

2020-06-07 * "China Garden" "Eating out with work buddies"
  Liabilities:US:Chase:Slate                       -32.96 USD
  Expenses:Food:Restaurant                          32.96 USD

2020-06-09 * "Rose Flower" "Eating out with Bill"
  Liabilities:US:Chase:Slate                       -16.63 USD
  Expenses:Food:Restaurant                          16.63 USD

2020-06-11 * "Chase:Slate" "Paying off credit card"
  Liabilities:US:Chase:Slate                       717.08 USD
  Assets:US:BofA:Checking                         -717.08 USD

2020-06-12 * "China Garden" "Eating out "
  Liabilities:US:Chase:Slate                       -17.43 USD
  Expenses:Food:Restaurant                          17.43 USD

2020-06-14 * "China Garden" "Eating out with Julie"
  Liabilities:US:Chase:Slate                       -29.54 USD
  Expenses:Food:Restaurant                          29.54 USD

2020-06-15 * "Onion Market" "Buying groceries"
  Liabilities:US:Chase:Slate                      -109.44 USD
  Expenses:Food:Groceries                          109.44 USD

2020-06-16 * "Goba Goba" "Eating out with Bill"
  Liabilities:US:Chase:Slate                       -30.55 USD
  Expenses:Food:Restaurant                          30.55 USD

2020-06-18 * "Cafe Modagor" "Eating out with Julie"
  Liabilities:US:Chase:Slate                       -28.61 USD
  Expenses:Food:Restaurant                          28.61 USD

2020-06-20 balance Liabilities:US:Chase:Slate     -198.14 USD

2020-06-21 * "Farmer Fresh" "Buying groceries"
  Liabilities:US:Chase:Slate                       -63.39 USD
  Expenses:Food:Groceries                           63.39 USD

2020-06-22 * "Goba Goba" "Eating out with Bill"
  Liabilities:US:Chase:Slate                       -19.35 USD
  Expenses:Food:Restaurant                          19.35 USD

2020-06-24 * "Uncle Boons" "Eating out with work buddies"
  Liabilities:US:Chase:Slate                       -26.95 USD
  Expenses:Food:Restaurant                          26.95 USD

2020-06-26 * "Uncle Boons" "Eating out alone"
  Liabilities:US:Chase:Slate                       -39.74 USD
  Expenses:Food:Restaurant                          39.74 USD

2020-07-01 * "Cafe Modagor" "Eating out with Natasha"
  Liabilities:US:Chase:Slate                       -44.89 USD
  Expenses:Food:Restaurant                          44.89 USD

2020-07-02 * "Metro Transport Authority" "Tram tickets"
  Liabilities:US:Chase:Slate                      -120.00 USD
  Expenses:Transport:Tram                          120.00 USD

2020-07-06 * "Uncle Boons" "Eating out "
  Liabilities:US:Chase:Slate                       -21.08 USD
  Expenses:Food:Restaurant                          21.08 USD

2020-07-07 * "Uncle Boons" "Eating out with Bill"
  Liabilities:US:Chase:Slate                       -45.52 USD
  Expenses:Food:Restaurant                          45.52 USD

2020-07-07 * "Onion Market" "Buying groceries"
  Liabilities:US:Chase:Slate                       -89.21 USD
  Expenses:Food:Groceries                           89.21 USD

2020-07-08 * "Chase:Slate" "Paying off credit card"
  Liabilities:US:Chase:Slate                       687.75 USD
  Assets:US:BofA:Checking                         -687.75 USD

2020-07-12 * "Cafe Modagor" "Eating out with Joe"
  Liabilities:US:Chase:Slate                       -19.48 USD
  Expenses:Food:Restaurant                          19.48 USD

2020-07-13 * "Kin Soy" "Eating out with Natasha"
  Liabilities:US:Chase:Slate                       -14.47 USD
  Expenses:Food:Restaurant                          14.47 USD

2020-07-14 balance Liabilities:US:Chase:Slate      -14.47 USD

2020-07-14 * "Cafe Modagor" "Eating out with Bill"
  Liabilities:US:Chase:Slate                       -50.55 USD
  Expenses:Food:Restaurant                          50.55 USD

2020-07-17 * "Kin Soy" "Eating out with Joe"
  Liabilities:US:Chase:Slate                       -22.90 USD
  Expenses:Food:Restaurant                          22.90 USD

2020-07-20 * "Kin Soy" "Eating out with Natasha"
  Liabilities:US:Chase:Slate                       -35.44 USD
  Expenses:Food:Restaurant                          35.44 USD

2020-07-20 * "Good Moods Market" "Buying groceries"
  Liabilities:US:Chase:Slate                       -68.04 USD
  Expenses:Food:Groceries                           68.04 USD

2020-07-25 * "Kin Soy" "Eating out after work"
  Liabilities:US:Chase:Slate                       -38.22 USD
  Expenses:Food:Restaurant                          38.22 USD

2020-07-27 * "Goba Goba" "Eating out with Bill"
  Liabilities:US:Chase:Slate                       -35.94 USD
  Expenses:Food:Restaurant                          35.94 USD

2020-07-30 * "Metro Transport Authority" "Tram tickets"
  Liabilities:US:Chase:Slate                      -120.00 USD
  Expenses:Transport:Tram                          120.00 USD

2020-07-31 * "China Garden" "Eating out with Julie"
  Liabilities:US:Chase:Slate                       -22.22 USD
  Expenses:Food:Restaurant                          22.22 USD

2020-08-03 * "Farmer Fresh" "Buying groceries"
  Liabilities:US:Chase:Slate                       -70.63 USD
  Expenses:Food:Groceries                           70.63 USD

2020-08-04 * "Cafe Modagor" "Eating out with Joe"
  Liabilities:US:Chase:Slate                       -24.01 USD
  Expenses:Food:Restaurant                          24.01 USD

2020-08-08 * "Chichipotle" "Eating out with Bill"
  Liabilities:US:Chase:Slate                       -18.86 USD
  Expenses:Food:Restaurant                          18.86 USD

2020-08-11 * "Chase:Slate" "Paying off credit card"
  Liabilities:US:Chase:Slate                       593.85 USD
  Assets:US:BofA:Checking                         -593.85 USD

2020-08-12 balance Liabilities:US:Chase:Slate       72.57 USD

2020-08-12 * "Corner Deli" "Buying groceries"
  Liabilities:US:Chase:Slate                       -72.57 USD
  Expenses:Food:Groceries                           72.57 USD

2020-08-13 * "Jewel of Morroco" "Eating out "
  Liabilities:US:Chase:Slate                       -16.35 USD
  Expenses:Food:Restaurant                          16.35 USD

2020-08-18 * "Cafe Modagor" "Eating out after work"
  Liabilities:US:Chase:Slate                       -50.39 USD
  Expenses:Food:Restaurant                          50.39 USD

2020-08-22 * "Goba Goba" "Eating out with work buddies"
  Liabilities:US:Chase:Slate                       -40.70 USD
  Expenses:Food:Restaurant                          40.70 USD

2020-08-25 * "Corner Deli" "Buying groceries"
  Liabilities:US:Chase:Slate                       -63.52 USD
  Expenses:Food:Groceries                           63.52 USD

2020-08-27 * "Jewel of Morroco" "Eating out with Bill"
  Liabilities:US:Chase:Slate                       -23.17 USD
  Expenses:Food:Restaurant                          23.17 USD

2020-08-28 event "location" "Chicago"

2020-08-29 * "Mercadito" "" #trip-chicago-2020
  Liabilities:US:Chase:Slate                       -54.87 USD
  Expenses:Food:Restaurant                          54.87 USD

2020-08-29 * "25 Degrees Burger Bar" "" #trip-chicago-2020
  Liabilities:US:Chase:Slate                       -26.49 USD
  Expenses:Food:Restaurant                          26.49 USD

2020-08-29 * "Another Sports Pub" "" #trip-chicago-2020
  Liabilities:US:Chase:Slate                       -14.99 USD
  Expenses:Food:Alcohol                             14.99 USD

2020-08-30 * "25 Degrees Burger Bar" "" #trip-chicago-2020
  Liabilities:US:Chase:Slate                       -21.13 USD
  Expenses:Food:Restaurant                          21.13 USD

2020-08-30 * "Argo Tea" "" #trip-chicago-2020
  Liabilities:US:Chase:Slate                        -5.05 USD
  Expenses:Food:Coffee                               5.05 USD

2020-08-31 * "25 Degrees Burger Bar" "" #trip-chicago-2020
  Liabilities:US:Chase:Slate                       -22.47 USD
  Expenses:Food:Restaurant                          22.47 USD

2020-08-31 * "Eataly Chicago" "" #trip-chicago-2020
  Liabilities:US:Chase:Slate                       -41.05 USD
  Expenses:Food:Restaurant                          41.05 USD

2020-08-31 * "Argo Tea" "" #trip-chicago-2020
  Liabilities:US:Chase:Slate                        -7.09 USD
  Expenses:Food:Coffee                               7.09 USD

2020-09-01 * "25 Degrees Burger Bar" "" #trip-chicago-2020
  Liabilities:US:Chase:Slate                       -24.16 USD
  Expenses:Food:Restaurant                          24.16 USD

2020-09-02 balance Liabilities:US:Chase:Slate     -411.43 USD

2020-09-02 * "Mercadito" "" #trip-chicago-2020
  Liabilities:US:Chase:Slate                       -34.42 USD
  Expenses:Food:Restaurant                          34.42 USD

2020-09-02 * "25 Degrees Burger Bar" "" #trip-chicago-2020
  Liabilities:US:Chase:Slate                       -21.88 USD
  Expenses:Food:Restaurant                          21.88 USD

2020-09-03 * "Star of Siam" "" #trip-chicago-2020
  Liabilities:US:Chase:Slate                       -26.73 USD
  Expenses:Food:Restaurant                          26.73 USD

2020-09-03 * "Mercadito" "" #trip-chicago-2020
  Liabilities:US:Chase:Slate                       -37.04 USD
  Expenses:Food:Restaurant                          37.04 USD

2020-09-03 * "Eataly Chicago" "" #trip-chicago-2020
  Liabilities:US:Chase:Slate                       -53.36 USD
  Expenses:Food:Restaurant                          53.36 USD

2020-09-03 * "Another Sports Pub" "" #trip-chicago-2020
  Liabilities:US:Chase:Slate                       -14.69 USD
  Expenses:Food:Alcohol                             14.69 USD

2020-09-05 * "Star of Siam" "" #trip-chicago-2020
  Liabilities:US:Chase:Slate                       -22.11 USD
  Expenses:Food:Restaurant                          22.11 USD

2020-09-05 * "25 Degrees Burger Bar" "" #trip-chicago-2020
  Liabilities:US:Chase:Slate                       -24.09 USD
  Expenses:Food:Restaurant                          24.09 USD

2020-09-05 * "Eataly Chicago" "" #trip-chicago-2020
  Liabilities:US:Chase:Slate                       -44.73 USD
  Expenses:Food:Restaurant                          44.73 USD

2020-09-05 * "Another Sports Pub" "" #trip-chicago-2020
  Liabilities:US:Chase:Slate                       -11.26 USD
  Expenses:Food:Alcohol                             11.26 USD

2020-09-06 * "Argo Tea" "" #trip-chicago-2020
  Liabilities:US:Chase:Slate                        -5.75 USD
  Expenses:Food:Coffee                               5.75 USD

2020-09-07 * "Chase:Slate" "Paying off credit card"
  Liabilities:US:Chase:Slate                       232.66 USD
  Assets:US:BofA:Checking                         -232.66 USD

2020-09-08 * "Mercadito" "" #trip-chicago-2020
  Liabilities:US:Chase:Slate                       -37.62 USD
  Expenses:Food:Restaurant                          37.62 USD

2020-09-08 * "25 Degrees Burger Bar" "" #trip-chicago-2020
  Liabilities:US:Chase:Slate                       -20.01 USD
  Expenses:Food:Restaurant                          20.01 USD

2020-09-08 * "Argo Tea" "" #trip-chicago-2020
  Liabilities:US:Chase:Slate                        -6.44 USD
  Expenses:Food:Coffee                               6.44 USD

2020-09-09 * "Star of Siam" "" #trip-chicago-2020
  Liabilities:US:Chase:Slate                       -23.04 USD
  Expenses:Food:Restaurant                          23.04 USD

2020-09-09 * "Eataly Chicago" "" #trip-chicago-2020
  Liabilities:US:Chase:Slate                       -31.63 USD
  Expenses:Food:Restaurant                          31.63 USD

2020-09-10 * "Goba Goba" "Eating out "
  Liabilities:US:Chase:Slate                       -38.53 USD
  Expenses:Food:Restaurant                          38.53 USD

2020-09-10 * "Another Sports Pub" "" #trip-chicago-2020
  Liabilities:US:Chase:Slate                       -11.84 USD
  Expenses:Food:Alcohol                             11.84 USD

2020-09-10 * "Consume vacation days"
  Assets:US:Hoogle:Vacation                          -104 VACHR
  Expenses:Vacation                                   104 VACHR

2020-09-10 event "location" "New Metropolis"

2020-09-14 * "Chichipotle" "Eating out with Bill"
  Liabilities:US:Chase:Slate                       -24.36 USD
  Expenses:Food:Restaurant                          24.36 USD

2020-09-18 * "Cafe Modagor" "Eating out with Joe"
  Liabilities:US:Chase:Slate                       -25.36 USD
  Expenses:Food:Restaurant                          25.36 USD

2020-09-21 * "Good Moods Market" "Buying groceries"
  Liabilities:US:Chase:Slate                       -83.64 USD
  Expenses:Food:Groceries                           83.64 USD

2020-09-23 * "Rose Flower" "Eating out with work buddies"
  Liabilities:US:Chase:Slate                       -65.91 USD
  Expenses:Food:Restaurant                          65.91 USD

2020-09-26 balance Liabilities:US:Chase:Slate     -843.21 USD

2020-09-28 * "Uncle Boons" "Eating out after work"
  Liabilities:US:Chase:Slate                       -24.80 USD
  Expenses:Food:Restaurant                          24.80 USD

2020-09-30 * "China Garden" "Eating out with Bill"
  Liabilities:US:Chase:Slate                       -39.45 USD
  Expenses:Food:Restaurant                          39.45 USD

2020-09-30 * "Metro Transport Authority" "Tram tickets"
  Liabilities:US:Chase:Slate                      -120.00 USD
  Expenses:Transport:Tram                          120.00 USD

2020-10-05 * "Goba Goba" "Eating out with Bill"
  Liabilities:US:Chase:Slate                       -55.51 USD
  Expenses:Food:Restaurant                          55.51 USD

2020-10-07 * "Chase:Slate" "Paying off credit card"
  Liabilities:US:Chase:Slate                       486.07 USD
  Assets:US:BofA:Checking                         -486.07 USD

2020-10-09 * "Onion Market" "Buying groceries"
  Liabilities:US:Chase:Slate                       -47.04 USD
  Expenses:Food:Groceries                           47.04 USD

2020-10-10 * "China Garden" "Eating out alone"
  Liabilities:US:Chase:Slate                       -23.48 USD
  Expenses:Food:Restaurant                          23.48 USD

2020-10-14 * "Goba Goba" "Eating out with Bill"
  Liabilities:US:Chase:Slate                       -28.70 USD
  Expenses:Food:Restaurant                          28.70 USD

2020-10-16 * "Chichipotle" "Eating out with Natasha"
  Liabilities:US:Chase:Slate                       -46.44 USD
  Expenses:Food:Restaurant                          46.44 USD

2020-10-16 * "Corner Deli" "Buying groceries"
  Liabilities:US:Chase:Slate                      -136.88 USD
  Expenses:Food:Groceries                          136.88 USD

2020-10-21 * "Rose Flower" "Eating out with Bill"
  Liabilities:US:Chase:Slate                       -18.80 USD
  Expenses:Food:Restaurant                          18.80 USD

2020-10-22 * "Chichipotle" "Eating out with Bill"
  Liabilities:US:Chase:Slate                       -19.49 USD
  Expenses:Food:Restaurant                          19.49 USD

2020-10-23 balance Liabilities:US:Chase:Slate     -917.73 USD

2020-10-26 * "Jewel of Morroco" "Eating out "
  Liabilities:US:Chase:Slate                       -18.56 USD
  Expenses:Food:Restaurant                          18.56 USD

2020-10-26 * "Onion Market" "Buying groceries"
  Liabilities:US:Chase:Slate                      -119.09 USD
  Expenses:Food:Groceries                          119.09 USD

2020-10-29 * "Uncle Boons" "Eating out with work buddies"
  Liabilities:US:Chase:Slate                       -33.94 USD
  Expenses:Food:Restaurant                          33.94 USD

2020-10-31 * "Uncle Boons" "Eating out after work"
  Liabilities:US:Chase:Slate                       -11.66 USD
  Expenses:Food:Restaurant                          11.66 USD

2020-11-01 * "Metro Transport Authority" "Tram tickets"
  Liabilities:US:Chase:Slate                      -120.00 USD
  Expenses:Transport:Tram                          120.00 USD

2020-11-03 * "Good Moods Market" "Buying groceries"
  Liabilities:US:Chase:Slate                       -86.36 USD
  Expenses:Food:Groceries                           86.36 USD

2020-11-05 * "Chichipotle" "Eating out with Bill"
  Liabilities:US:Chase:Slate                       -35.29 USD
  Expenses:Food:Restaurant                          35.29 USD

2020-11-07 * "Chichipotle" "Eating out after work"
  Liabilities:US:Chase:Slate                       -36.34 USD
  Expenses:Food:Restaurant                          36.34 USD

2020-11-08 * "Chichipotle" "Eating out "
  Liabilities:US:Chase:Slate                       -31.00 USD
  Expenses:Food:Restaurant                          31.00 USD

2020-11-09 * "Chichipotle" "Eating out with Julie"
  Liabilities:US:Chase:Slate                       -29.07 USD
  Expenses:Food:Restaurant                          29.07 USD

2020-11-10 * "Chase:Slate" "Paying off credit card"
  Liabilities:US:Chase:Slate                       834.70 USD
  Assets:US:BofA:Checking                         -834.70 USD

2020-11-12 * "Chichipotle" "Eating out with work buddies"
  Liabilities:US:Chase:Slate                       -39.60 USD
  Expenses:Food:Restaurant                          39.60 USD

2020-11-13 * "Cafe Modagor" "Eating out with Bill"
  Liabilities:US:Chase:Slate                       -33.43 USD
  Expenses:Food:Restaurant                          33.43 USD

2020-11-13 * "Good Moods Market" "Buying groceries"
  Liabilities:US:Chase:Slate                       -79.39 USD
  Expenses:Food:Groceries                           79.39 USD

2020-11-16 * "Uncle Boons" "Eating out with Joe"
  Liabilities:US:Chase:Slate                       -37.06 USD
  Expenses:Food:Restaurant                          37.06 USD

2020-11-17 balance Liabilities:US:Chase:Slate     -793.82 USD

2020-11-17 * "Jewel of Morroco" "Eating out after work"
  Liabilities:US:Chase:Slate                       -42.33 USD
  Expenses:Food:Restaurant                          42.33 USD

2020-11-19 * "Chichipotle" "Eating out with Natasha"
  Liabilities:US:Chase:Slate                       -26.62 USD
  Expenses:Food:Restaurant                          26.62 USD

2020-11-24 * "Rose Flower" "Eating out alone"
  Liabilities:US:Chase:Slate                       -26.12 USD
  Expenses:Food:Restaurant                          26.12 USD

2020-11-28 * "Metro Transport Authority" "Tram tickets"
  Liabilities:US:Chase:Slate                      -120.00 USD
  Expenses:Transport:Tram                          120.00 USD

2020-11-29 * "Rose Flower" "Eating out with Joe"
  Liabilities:US:Chase:Slate                       -21.26 USD
  Expenses:Food:Restaurant                          21.26 USD

2020-11-29 * "Farmer Fresh" "Buying groceries"
  Liabilities:US:Chase:Slate                      -106.16 USD
  Expenses:Food:Groceries                          106.16 USD

2020-12-03 * "Rose Flower" "Eating out after work"
  Liabilities:US:Chase:Slate                       -73.27 USD
  Expenses:Food:Restaurant                          73.27 USD

2020-12-05 * "Uncle Boons" "Eating out with Bill"
  Liabilities:US:Chase:Slate                       -37.61 USD
  Expenses:Food:Restaurant                          37.61 USD

2020-12-05 * "Corner Deli" "Buying groceries"
  Liabilities:US:Chase:Slate                       -66.64 USD
  Expenses:Food:Groceries                           66.64 USD

2020-12-09 * "Chichipotle" "Eating out with Natasha"
  Liabilities:US:Chase:Slate                       -33.07 USD
  Expenses:Food:Restaurant                          33.07 USD

2020-12-09 * "Chase:Slate" "Paying off credit card"
  Liabilities:US:Chase:Slate                       702.96 USD
  Assets:US:BofA:Checking                         -702.96 USD

2020-12-11 * "Cafe Modagor" "Eating out alone"
  Liabilities:US:Chase:Slate                       -20.48 USD
  Expenses:Food:Restaurant                          20.48 USD

2020-12-12 * "Rose Flower" "Eating out with Joe"
  Liabilities:US:Chase:Slate                       -40.48 USD
  Expenses:Food:Restaurant                          40.48 USD

2020-12-16 * "Corner Deli" "Buying groceries"
  Liabilities:US:Chase:Slate                       -54.34 USD
  Expenses:Food:Groceries                           54.34 USD

2020-12-17 balance Liabilities:US:Chase:Slate     -759.24 USD

2020-12-17 * "Jewel of Morroco" "Eating out with Bill"
  Liabilities:US:Chase:Slate                       -27.25 USD
  Expenses:Food:Restaurant                          27.25 USD

2020-12-20 * "Jewel of Morroco" "Eating out with Julie"
  Liabilities:US:Chase:Slate                       -34.44 USD
  Expenses:Food:Restaurant                          34.44 USD

2020-12-23 * "Uncle Boons" "Eating out with Natasha"
  Liabilities:US:Chase:Slate                       -19.10 USD
  Expenses:Food:Restaurant                          19.10 USD

2020-12-24 * "Chichipotle" "Eating out with Joe"
  Liabilities:US:Chase:Slate                       -33.62 USD
  Expenses:Food:Restaurant                          33.62 USD

2020-12-26 * "Metro Transport Authority" "Tram tickets"
  Liabilities:US:Chase:Slate                      -120.00 USD
  Expenses:Transport:Tram                          120.00 USD

2020-12-29 * "Kin Soy" "Eating out with Natasha"
  Liabilities:US:Chase:Slate                       -11.10 USD
  Expenses:Food:Restaurant                          11.10 USD

2020-12-29 * "Farmer Fresh" "Buying groceries"
  Liabilities:US:Chase:Slate                       -65.49 USD
  Expenses:Food:Groceries                           65.49 USD

2020-12-31 * "China Garden" "Eating out alone"
  Liabilities:US:Chase:Slate                       -61.61 USD
  Expenses:Food:Restaurant                          61.61 USD

2021-01-01 * "Jewel of Morroco" "Eating out after work"
  Liabilities:US:Chase:Slate                       -75.09 USD
  Expenses:Food:Restaurant                          75.09 USD

2021-01-03 * "Kin Soy" "Eating out alone"
  Liabilities:US:Chase:Slate                       -34.77 USD
  Expenses:Food:Restaurant                          34.77 USD

2021-01-08 * "Uncle Boons" "Eating out with Natasha"
  Liabilities:US:Chase:Slate                       -17.24 USD
  Expenses:Food:Restaurant                          17.24 USD

2021-01-11 * "Chase:Slate" "Paying off credit card"
  Liabilities:US:Chase:Slate                       659.56 USD
  Assets:US:BofA:Checking                         -659.56 USD

2021-01-12 * "Jewel of Morroco" "Eating out with work buddies"
  Liabilities:US:Chase:Slate                       -44.55 USD
  Expenses:Food:Restaurant                          44.55 USD

2021-01-15 balance Liabilities:US:Chase:Slate     -643.94 USD

2021-01-15 * "Jewel of Morroco" "Eating out with Bill"
  Liabilities:US:Chase:Slate                       -39.13 USD
  Expenses:Food:Restaurant                          39.13 USD

2021-01-18 * "Farmer Fresh" "Buying groceries"
  Liabilities:US:Chase:Slate                      -123.36 USD
  Expenses:Food:Groceries                          123.36 USD

2021-01-20 * "Jewel of Morroco" "Eating out with Julie"
  Liabilities:US:Chase:Slate                       -27.47 USD
  Expenses:Food:Restaurant                          27.47 USD

2021-01-22 * "China Garden" "Eating out "
  Liabilities:US:Chase:Slate                       -17.92 USD
  Expenses:Food:Restaurant                          17.92 USD

2021-01-24 * "Goba Goba" "Eating out with Bill"
  Liabilities:US:Chase:Slate                       -35.04 USD
  Expenses:Food:Restaurant                          35.04 USD

2021-01-24 * "Metro Transport Authority" "Tram tickets"
  Liabilities:US:Chase:Slate                      -120.00 USD
  Expenses:Transport:Tram                          120.00 USD

2021-01-28 * "China Garden" "Eating out with Joe"
  Liabilities:US:Chase:Slate                       -36.77 USD
  Expenses:Food:Restaurant                          36.77 USD

2021-01-29 * "Onion Market" "Buying groceries"
  Liabilities:US:Chase:Slate                       -78.03 USD
  Expenses:Food:Groceries                           78.03 USD

2021-01-31 * "Uncle Boons" "Eating out with work buddies"
  Liabilities:US:Chase:Slate                       -16.84 USD
  Expenses:Food:Restaurant                          16.84 USD

2021-02-05 * "Chichipotle" "Eating out with Natasha"
  Liabilities:US:Chase:Slate                       -23.02 USD
  Expenses:Food:Restaurant                          23.02 USD

2021-02-05 * "Corner Deli" "Buying groceries"
  Liabilities:US:Chase:Slate                       -68.67 USD
  Expenses:Food:Groceries                           68.67 USD

2021-02-08 * "Chase:Slate" "Paying off credit card"
  Liabilities:US:Chase:Slate                       620.44 USD
  Assets:US:BofA:Checking                         -620.44 USD

2021-02-09 * "Chichipotle" "Eating out "
  Liabilities:US:Chase:Slate                       -34.19 USD
  Expenses:Food:Restaurant                          34.19 USD

2021-02-11 * "Chichipotle" "Eating out alone"
  Liabilities:US:Chase:Slate                       -76.41 USD
  Expenses:Food:Restaurant                          76.41 USD

2021-02-13 balance Liabilities:US:Chase:Slate     -720.35 USD

2021-02-14 * "Jewel of Morroco" "Eating out "
  Liabilities:US:Chase:Slate                       -21.56 USD
  Expenses:Food:Restaurant                          21.56 USD

2021-02-16 event "location" "Los Angeles"

2021-02-17 * "Mr. Marcel" "" #trip-los-angeles-2021
  Liabilities:US:Chase:Slate                       -23.03 USD
  Expenses:Food:Restaurant                          23.03 USD

2021-02-17 * "Dupar's" "" #trip-los-angeles-2021
  Liabilities:US:Chase:Slate                       -42.97 USD
  Expenses:Food:Restaurant                          42.97 USD

2021-02-18 * "Mr. Marcel" "" #trip-los-angeles-2021
  Liabilities:US:Chase:Slate                       -41.43 USD
  Expenses:Food:Restaurant                          41.43 USD

2021-02-18 * "Chipotle" "" #trip-los-angeles-2021
  Liabilities:US:Chase:Slate                       -15.22 USD
  Expenses:Food:Restaurant                          15.22 USD

2021-02-19 * "Banana Leaf" "" #trip-los-angeles-2021
  Liabilities:US:Chase:Slate                       -18.03 USD
  Expenses:Food:Restaurant                          18.03 USD

2021-02-19 * "Pampas Grill" "" #trip-los-angeles-2021
  Liabilities:US:Chase:Slate                       -21.03 USD
  Expenses:Food:Restaurant                          21.03 USD

2021-02-19 * "Chipotle" "" #trip-los-angeles-2021
  Liabilities:US:Chase:Slate                       -15.70 USD
  Expenses:Food:Restaurant                          15.70 USD

2021-02-20 * "Banana Leaf" "" #trip-los-angeles-2021
  Liabilities:US:Chase:Slate                       -22.63 USD
  Expenses:Food:Restaurant                          22.63 USD

2021-02-21 * "Banana Leaf" "" #trip-los-angeles-2021
  Liabilities:US:Chase:Slate                       -18.90 USD
  Expenses:Food:Restaurant                          18.90 USD

2021-02-21 * "Dupar's" "" #trip-los-angeles-2021
  Liabilities:US:Chase:Slate                       -25.69 USD
  Expenses:Food:Restaurant                          25.69 USD

2021-02-21 * "Chipotle" "" #trip-los-angeles-2021
  Liabilities:US:Chase:Slate                       -17.87 USD
  Expenses:Food:Restaurant                          17.87 USD

2021-02-22 * "Mr. Marcel" "" #trip-los-angeles-2021
  Liabilities:US:Chase:Slate                       -55.20 USD
  Expenses:Food:Restaurant                          55.20 USD

2021-02-22 * "Pampas Grill" "" #trip-los-angeles-2021
  Liabilities:US:Chase:Slate                       -26.98 USD
  Expenses:Food:Restaurant                          26.98 USD

2021-02-22 * "Chipotle" "" #trip-los-angeles-2021
  Liabilities:US:Chase:Slate                       -18.29 USD
  Expenses:Food:Restaurant                          18.29 USD

2021-02-22 * "E.B.'s Beer and Wine" "" #trip-los-angeles-2021
  Liabilities:US:Chase:Slate                        -9.23 USD
  Expenses:Food:Alcohol                              9.23 USD

2021-02-24 * "Banana Leaf" "" #trip-los-angeles-2021
  Liabilities:US:Chase:Slate                       -27.42 USD
  Expenses:Food:Restaurant                          27.42 USD

2021-02-24 * "Dupar's" "" #trip-los-angeles-2021
  Liabilities:US:Chase:Slate                       -23.57 USD
  Expenses:Food:Restaurant                          23.57 USD

2021-02-24 * "Starbucks" "" #trip-los-angeles-2021
  Liabilities:US:Chase:Slate                        -6.75 USD
  Expenses:Food:Coffee                               6.75 USD

2021-02-25 * "Mr. Marcel" "" #trip-los-angeles-2021
  Liabilities:US:Chase:Slate                       -33.38 USD
  Expenses:Food:Restaurant                          33.38 USD

2021-02-25 * "Banana Leaf" "" #trip-los-angeles-2021
  Liabilities:US:Chase:Slate                       -33.29 USD
  Expenses:Food:Restaurant                          33.29 USD

2021-02-25 * "Dupar's" "" #trip-los-angeles-2021
  Liabilities:US:Chase:Slate                       -26.19 USD
  Expenses:Food:Restaurant                          26.19 USD

2021-02-25 * "E.B.'s Beer and Wine" "" #trip-los-angeles-2021
  Liabilities:US:Chase:Slate                        -9.73 USD
  Expenses:Food:Alcohol                              9.73 USD

2021-02-26 * "Dupar's" "" #trip-los-angeles-2021
  Liabilities:US:Chase:Slate                       -26.80 USD
  Expenses:Food:Restaurant                          26.80 USD

2021-02-26 * "Chipotle" "" #trip-los-angeles-2021
  Liabilities:US:Chase:Slate                       -15.99 USD
  Expenses:Food:Restaurant                          15.99 USD

2021-02-26 * "Starbucks" "" #trip-los-angeles-2021
  Liabilities:US:Chase:Slate                        -5.95 USD
  Expenses:Food:Coffee                               5.95 USD

2021-02-27 * "Chipotle" "" #trip-los-angeles-2021
  Liabilities:US:Chase:Slate                       -14.29 USD
  Expenses:Food:Restaurant                          14.29 USD

2021-02-27 * "Starbucks" "" #trip-los-angeles-2021
  Liabilities:US:Chase:Slate                        -4.15 USD
  Expenses:Food:Coffee                               4.15 USD

2021-02-28 * "Mr. Marcel" "" #trip-los-angeles-2021
  Liabilities:US:Chase:Slate                       -39.59 USD
  Expenses:Food:Restaurant                          39.59 USD

2021-02-28 * "Pampas Grill" "" #trip-los-angeles-2021
  Liabilities:US:Chase:Slate                       -24.97 USD
  Expenses:Food:Restaurant                          24.97 USD

2021-02-28 * "Chipotle" "" #trip-los-angeles-2021
  Liabilities:US:Chase:Slate                       -15.57 USD
  Expenses:Food:Restaurant                          15.57 USD

2021-03-01 * "Mr. Marcel" "" #trip-los-angeles-2021
  Liabilities:US:Chase:Slate                       -56.53 USD
  Expenses:Food:Restaurant                          56.53 USD

2021-03-01 * "Banana Leaf" "" #trip-los-angeles-2021
  Liabilities:US:Chase:Slate                       -23.23 USD
  Expenses:Food:Restaurant                          23.23 USD

2021-03-01 * "Dupar's" "" #trip-los-angeles-2021
  Liabilities:US:Chase:Slate                       -30.89 USD
  Expenses:Food:Restaurant                          30.89 USD

2021-03-01 * "Chipotle" "" #trip-los-angeles-2021
  Liabilities:US:Chase:Slate                       -15.18 USD
  Expenses:Food:Restaurant                          15.18 USD

2021-03-01 * "Starbucks" "" #trip-los-angeles-2021
  Liabilities:US:Chase:Slate                        -6.02 USD
  Expenses:Food:Coffee                               6.02 USD

2021-03-02 * "E.B.'s Beer and Wine" "" #trip-los-angeles-2021
  Liabilities:US:Chase:Slate                       -11.03 USD
  Expenses:Food:Alcohol                             11.03 USD

2021-03-03 * "Mr. Marcel" "" #trip-los-angeles-2021
  Liabilities:US:Chase:Slate                       -36.50 USD
  Expenses:Food:Restaurant                          36.50 USD

2021-03-03 * "Banana Leaf" "" #trip-los-angeles-2021
  Liabilities:US:Chase:Slate                       -24.94 USD
  Expenses:Food:Restaurant                          24.94 USD

2021-03-03 * "Starbucks" "" #trip-los-angeles-2021
  Liabilities:US:Chase:Slate                        -5.91 USD
  Expenses:Food:Coffee                               5.91 USD

2021-03-03 * "E.B.'s Beer and Wine" "" #trip-los-angeles-2021
  Liabilities:US:Chase:Slate                       -11.34 USD
  Expenses:Food:Alcohol                             11.34 USD

2021-03-04 * "Chipotle" "" #trip-los-angeles-2021
  Liabilities:US:Chase:Slate                       -15.64 USD
  Expenses:Food:Restaurant                          15.64 USD

2021-03-04 * "Starbucks" "" #trip-los-angeles-2021
  Liabilities:US:Chase:Slate                        -5.01 USD
  Expenses:Food:Coffee                               5.01 USD

2021-03-05 * "Dupar's" "" #trip-los-angeles-2021
  Liabilities:US:Chase:Slate                       -29.15 USD
  Expenses:Food:Restaurant                          29.15 USD

2021-03-05 * "E.B.'s Beer and Wine" "" #trip-los-angeles-2021
  Liabilities:US:Chase:Slate                        -5.87 USD
  Expenses:Food:Alcohol                              5.87 USD

2021-03-06 * "Mr. Marcel" "" #trip-los-angeles-2021
  Liabilities:US:Chase:Slate                       -35.48 USD
  Expenses:Food:Restaurant                          35.48 USD

2021-03-07 balance Liabilities:US:Chase:Slate    -1734.47 USD

2021-03-07 * "Chase:Slate" "Paying off credit card"
  Liabilities:US:Chase:Slate                       136.26 USD
  Assets:US:BofA:Checking                         -136.26 USD

2021-03-08 * "Cafe Modagor" "Eating out alone"
  Liabilities:US:Chase:Slate                       -38.29 USD
  Expenses:Food:Restaurant                          38.29 USD

2021-03-08 * "Mr. Marcel" "" #trip-los-angeles-2021
  Liabilities:US:Chase:Slate                       -46.41 USD
  Expenses:Food:Restaurant                          46.41 USD

2021-03-08 * "Starbucks" "" #trip-los-angeles-2021
  Liabilities:US:Chase:Slate                        -5.97 USD
  Expenses:Food:Coffee                               5.97 USD

2021-03-08 * "E.B.'s Beer and Wine" "" #trip-los-angeles-2021
  Liabilities:US:Chase:Slate                       -10.02 USD
  Expenses:Food:Alcohol                             10.02 USD

2021-03-08 * "Consume vacation days"
  Assets:US:Hoogle:Vacation                          -160 VACHR
  Expenses:Vacation                                   160 VACHR

2021-03-08 event "location" "New Metropolis"

2021-03-11 * "Cafe Modagor" "Eating out after work"
  Liabilities:US:Chase:Slate                       -31.75 USD
  Expenses:Food:Restaurant                          31.75 USD

2021-03-13 * "Onion Market" "Buying groceries"
  Liabilities:US:Chase:Slate                       -66.07 USD
  Expenses:Food:Groceries                           66.07 USD

2021-03-14 * "China Garden" "Eating out with Natasha"
  Liabilities:US:Chase:Slate                       -40.83 USD
  Expenses:Food:Restaurant                          40.83 USD

2021-03-18 * "Uncle Boons" "Eating out "
  Liabilities:US:Chase:Slate                       -59.72 USD
  Expenses:Food:Restaurant                          59.72 USD

2021-03-20 * "China Garden" "Eating out with Joe"
  Liabilities:US:Chase:Slate                       -30.19 USD
  Expenses:Food:Restaurant                          30.19 USD

2021-03-21 * "Onion Market" "Buying groceries"
  Liabilities:US:Chase:Slate                       -60.52 USD
  Expenses:Food:Groceries                           60.52 USD

2021-03-25 * "Uncle Boons" "Eating out with Bill"
  Liabilities:US:Chase:Slate                       -27.62 USD
  Expenses:Food:Restaurant                          27.62 USD

2021-03-26 * "Metro Transport Authority" "Tram tickets"
  Liabilities:US:Chase:Slate                      -120.00 USD
  Expenses:Transport:Tram                          120.00 USD

2021-03-27 * "Rose Flower" "Eating out with Julie"
  Liabilities:US:Chase:Slate                       -38.05 USD
  Expenses:Food:Restaurant                          38.05 USD

2021-03-28 balance Liabilities:US:Chase:Slate    -2173.65 USD

2021-03-28 * "Goba Goba" "Eating out "
  Liabilities:US:Chase:Slate                       -17.90 USD
  Expenses:Food:Restaurant                          17.90 USD

2021-03-31 * "Rose Flower" "Eating out alone"
  Liabilities:US:Chase:Slate                       -14.41 USD
  Expenses:Food:Restaurant                          14.41 USD

2021-04-01 * "Jewel of Morroco" "Eating out with Natasha"
  Liabilities:US:Chase:Slate                       -30.43 USD
  Expenses:Food:Restaurant                          30.43 USD

2021-04-06 * "Goba Goba" "Eating out alone"
  Liabilities:US:Chase:Slate                       -21.73 USD
  Expenses:Food:Restaurant                          21.73 USD

2021-04-09 * "Jewel of Morroco" "Eating out after work"
  Liabilities:US:Chase:Slate                       -41.67 USD
  Expenses:Food:Restaurant                          41.67 USD

2021-04-09 * "Farmer Fresh" "Buying groceries"
  Liabilities:US:Chase:Slate                       -68.71 USD
  Expenses:Food:Groceries                           68.71 USD

2021-04-10 * "Chase:Slate" "Paying off credit card"
  Liabilities:US:Chase:Slate                       712.06 USD
  Assets:US:BofA:Checking                         -712.06 USD

2021-04-12 * "Jewel of Morroco" "Eating out with Bill"
  Liabilities:US:Chase:Slate                       -42.46 USD
  Expenses:Food:Restaurant                          42.46 USD

2021-04-15 * "Kin Soy" "Eating out with Bill"
  Liabilities:US:Chase:Slate                       -28.52 USD
  Expenses:Food:Restaurant                          28.52 USD

2021-04-20 * "Jewel of Morroco" "Eating out alone"
  Liabilities:US:Chase:Slate                       -56.28 USD
  Expenses:Food:Restaurant                          56.28 USD

2021-04-22 balance Liabilities:US:Chase:Slate    -1783.70 USD

2021-04-22 * "Cafe Modagor" "Eating out with Julie"
  Liabilities:US:Chase:Slate                       -35.71 USD
  Expenses:Food:Restaurant                          35.71 USD

2021-04-23 * "China Garden" "Eating out "
  Liabilities:US:Chase:Slate                       -28.75 USD
  Expenses:Food:Restaurant                          28.75 USD

2021-04-26 * "Corner Deli" "Buying groceries"
  Liabilities:US:Chase:Slate                       -82.12 USD
  Expenses:Food:Groceries                           82.12 USD

2021-04-27 * "Kin Soy" "Eating out with Julie"
  Liabilities:US:Chase:Slate                       -17.98 USD
  Expenses:Food:Restaurant                          17.98 USD

2021-04-27 * "Metro Transport Authority" "Tram tickets"
  Liabilities:US:Chase:Slate                      -120.00 USD
  Expenses:Transport:Tram                          120.00 USD

2021-04-28 * "Rose Flower" "Eating out with Natasha"
  Liabilities:US:Chase:Slate                       -24.52 USD
  Expenses:Food:Restaurant                          24.52 USD

2021-04-30 * "China Garden" "Eating out alone"
  Liabilities:US:Chase:Slate                       -29.18 USD
  Expenses:Food:Restaurant                          29.18 USD

2021-05-01 * "Cafe Modagor" "Eating out with Joe"
  Liabilities:US:Chase:Slate                       -19.81 USD
  Expenses:Food:Restaurant                          19.81 USD

2021-05-06 * "Chichipotle" "Eating out with Bill"
  Liabilities:US:Chase:Slate                       -41.25 USD
  Expenses:Food:Restaurant                          41.25 USD

2021-05-09 * "Chase:Slate" "Paying off credit card"
  Liabilities:US:Chase:Slate                       506.53 USD
  Assets:US:BofA:Checking                         -506.53 USD

2021-05-10 * "Chichipotle" "Eating out with Bill"
  Liabilities:US:Chase:Slate                       -22.41 USD
  Expenses:Food:Restaurant                          22.41 USD

2021-05-12 * "Kin Soy" "Eating out with Natasha"
  Liabilities:US:Chase:Slate                       -30.59 USD
  Expenses:Food:Restaurant                          30.59 USD

2021-05-12 * "Onion Market" "Buying groceries"
  Liabilities:US:Chase:Slate                       -96.57 USD
  Expenses:Food:Groceries                           96.57 USD

2021-05-14 * "Jewel of Morroco" "Eating out after work"
  Liabilities:US:Chase:Slate                       -29.29 USD
  Expenses:Food:Restaurant                          29.29 USD

2021-05-18 * "China Garden" "Eating out with Bill"
  Liabilities:US:Chase:Slate                       -24.99 USD
  Expenses:Food:Restaurant                          24.99 USD

2021-05-21 * "Uncle Boons" "Eating out with Bill"
  Liabilities:US:Chase:Slate                       -44.72 USD
  Expenses:Food:Restaurant                          44.72 USD

2021-05-22 balance Liabilities:US:Chase:Slate    -1925.06 USD

2021-05-26 * "Rose Flower" "Eating out with work buddies"
  Liabilities:US:Chase:Slate                       -23.91 USD
  Expenses:Food:Restaurant                          23.91 USD

2021-05-28 * "Metro Transport Authority" "Tram tickets"
  Liabilities:US:Chase:Slate                      -120.00 USD
  Expenses:Transport:Tram                          120.00 USD

2021-05-30 * "Goba Goba" "Eating out with work buddies"
  Liabilities:US:Chase:Slate                       -36.69 USD
  Expenses:Food:Restaurant                          36.69 USD

2021-06-01 * "Corner Deli" "Buying groceries"
  Liabilities:US:Chase:Slate                       -56.93 USD
  Expenses:Food:Groceries                           56.93 USD

2021-06-03 * "Jewel of Morroco" "Eating out "
  Liabilities:US:Chase:Slate                       -62.90 USD
  Expenses:Food:Restaurant                          62.90 USD

2021-06-05 * "Uncle Boons" "Eating out with Bill"
  Liabilities:US:Chase:Slate                       -15.69 USD
  Expenses:Food:Restaurant                          15.69 USD

2021-06-07 * "Chase:Slate" "Paying off credit card"
  Liabilities:US:Chase:Slate                       566.66 USD
  Assets:US:BofA:Checking                         -566.66 USD

2021-06-08 * "Cafe Modagor" "Eating out with work buddies"
  Liabilities:US:Chase:Slate                       -24.38 USD
  Expenses:Food:Restaurant                          24.38 USD

2021-06-09 * "Goba Goba" "Eating out with work buddies"
  Liabilities:US:Chase:Slate                       -25.19 USD
  Expenses:Food:Restaurant                          25.19 USD

2021-06-11 * "Kin Soy" "Eating out with Bill"
  Liabilities:US:Chase:Slate                       -41.92 USD
  Expenses:Food:Restaurant                          41.92 USD

2021-06-15 * "China Garden" "Eating out "
  Liabilities:US:Chase:Slate                       -22.30 USD
  Expenses:Food:Restaurant                          22.30 USD

2021-06-16 balance Liabilities:US:Chase:Slate    -1788.31 USD

2021-06-19 * "Rose Flower" "Eating out with Julie"
  Liabilities:US:Chase:Slate                       -26.75 USD
  Expenses:Food:Restaurant                          26.75 USD

2021-06-20 * "Farmer Fresh" "Buying groceries"
  Liabilities:US:Chase:Slate                       -91.62 USD
  Expenses:Food:Groceries                           91.62 USD

2021-06-21 * "Jewel of Morroco" "Eating out with Bill"
  Liabilities:US:Chase:Slate                       -40.38 USD
  Expenses:Food:Restaurant                          40.38 USD

2021-06-23 * "Jewel of Morroco" "Eating out with Julie"
  Liabilities:US:Chase:Slate                       -38.54 USD
  Expenses:Food:Restaurant                          38.54 USD

2021-06-26 * "Metro Transport Authority" "Tram tickets"
  Liabilities:US:Chase:Slate                      -120.00 USD
  Expenses:Transport:Tram                          120.00 USD

2021-06-28 * "Uncle Boons" "Eating out with work buddies"
  Liabilities:US:Chase:Slate                       -15.59 USD
  Expenses:Food:Restaurant                          15.59 USD

2021-07-03 * "Rose Flower" "Eating out with Bill"
  Liabilities:US:Chase:Slate                       -48.77 USD
  Expenses:Food:Restaurant                          48.77 USD

2021-07-06 balance Liabilities:US:Chase:Slate    -2169.96 USD

2021-07-07 * "Cafe Modagor" "Eating out with Natasha"
  Liabilities:US:Chase:Slate                       -41.20 USD
  Expenses:Food:Restaurant                          41.20 USD

2021-07-08 * "Chichipotle" "Eating out with Joe"
  Liabilities:US:Chase:Slate                       -31.86 USD
  Expenses:Food:Restaurant                          31.86 USD

2021-07-08 * "Good Moods Market" "Buying groceries"
  Liabilities:US:Chase:Slate                       -79.68 USD
  Expenses:Food:Groceries                           79.68 USD

2021-07-09 * "Uncle Boons" "Eating out with Julie"
  Liabilities:US:Chase:Slate                       -38.27 USD
  Expenses:Food:Restaurant                          38.27 USD

2021-07-10 * "Chase:Slate" "Paying off credit card"
  Liabilities:US:Chase:Slate                       683.07 USD
  Assets:US:BofA:Checking                         -683.07 USD

2021-07-11 * "Chichipotle" "Eating out with Natasha"
  Liabilities:US:Chase:Slate                       -21.00 USD
  Expenses:Food:Restaurant                          21.00 USD

2021-07-15 * "Rose Flower" "Eating out "
  Liabilities:US:Chase:Slate                       -34.46 USD
  Expenses:Food:Restaurant                          34.46 USD

2021-07-18 * "Uncle Boons" "Eating out with Natasha"
  Liabilities:US:Chase:Slate                       -17.35 USD
  Expenses:Food:Restaurant                          17.35 USD

2021-07-20 * "Uncle Boons" "Eating out alone"
  Liabilities:US:Chase:Slate                       -31.59 USD
  Expenses:Food:Restaurant                          31.59 USD

2021-07-24 * "Goba Goba" "Eating out "
  Liabilities:US:Chase:Slate                       -22.74 USD
  Expenses:Food:Restaurant                          22.74 USD

2021-07-24 * "Farmer Fresh" "Buying groceries"
  Liabilities:US:Chase:Slate                       -74.75 USD
  Expenses:Food:Groceries                           74.75 USD

2021-07-26 * "Metro Transport Authority" "Tram tickets"
  Liabilities:US:Chase:Slate                      -120.00 USD
  Expenses:Transport:Tram                          120.00 USD

2021-07-27 balance Liabilities:US:Chase:Slate    -1999.79 USD

2021-07-27 * "Goba Goba" "Eating out with Natasha"
  Liabilities:US:Chase:Slate                       -33.86 USD
  Expenses:Food:Restaurant                          33.86 USD

2021-07-31 * "Chichipotle" "Eating out with work buddies"
  Liabilities:US:Chase:Slate                       -17.22 USD
  Expenses:Food:Restaurant                          17.22 USD

2021-08-01 * "China Garden" "Eating out with Natasha"
  Liabilities:US:Chase:Slate                       -71.07 USD
  Expenses:Food:Restaurant                          71.07 USD

2021-08-03 * "Jewel of Morroco" "Eating out with Julie"
  Liabilities:US:Chase:Slate                       -22.21 USD
  Expenses:Food:Restaurant                          22.21 USD

2021-08-04 * "Jewel of Morroco" "Eating out with Joe"
  Liabilities:US:Chase:Slate                       -15.05 USD
  Expenses:Food:Restaurant                          15.05 USD

2021-08-05 * "China Garden" "Eating out alone"
  Liabilities:US:Chase:Slate                       -40.00 USD
  Expenses:Food:Restaurant                          40.00 USD

2021-08-07 * "Jewel of Morroco" "Eating out alone"
  Liabilities:US:Chase:Slate                       -42.65 USD
  Expenses:Food:Restaurant                          42.65 USD

2021-08-10 * "Farmer Fresh" "Buying groceries"
  Liabilities:US:Chase:Slate                       -41.07 USD
  Expenses:Food:Groceries                           41.07 USD

2021-08-11 * "Chase:Slate" "Paying off credit card"
  Liabilities:US:Chase:Slate                       603.54 USD
  Assets:US:BofA:Checking                         -603.54 USD

2021-08-12 * "Cafe Modagor" "Eating out "
  Liabilities:US:Chase:Slate                       -19.52 USD
  Expenses:Food:Restaurant                          19.52 USD

2021-08-14 * "Rose Flower" "Eating out with Julie"
  Liabilities:US:Chase:Slate                       -14.15 USD
  Expenses:Food:Restaurant                          14.15 USD

2021-08-16 * "Kin Soy" "Eating out alone"
  Liabilities:US:Chase:Slate                       -31.65 USD
  Expenses:Food:Restaurant                          31.65 USD

2021-08-17 * "Cafe Modagor" "Eating out "
  Liabilities:US:Chase:Slate                       -22.18 USD
  Expenses:Food:Restaurant                          22.18 USD

2021-08-20 * "Jewel of Morroco" "Eating out with Julie"
  Liabilities:US:Chase:Slate                       -33.93 USD
  Expenses:Food:Restaurant                          33.93 USD

2021-08-23 * "Kin Soy" "Eating out with Bill"
  Liabilities:US:Chase:Slate                       -17.77 USD
  Expenses:Food:Restaurant                          17.77 USD

2021-08-26 balance Liabilities:US:Chase:Slate    -1818.58 USD

2021-08-26 * "Corner Deli" "Buying groceries"
  Liabilities:US:Chase:Slate                       -59.30 USD
  Expenses:Food:Groceries                           59.30 USD

2021-08-27 * "Chichipotle" "Eating out with Bill"
  Liabilities:US:Chase:Slate                        -9.56 USD
  Expenses:Food:Restaurant                           9.56 USD

2021-08-27 * "Metro Transport Authority" "Tram tickets"
  Liabilities:US:Chase:Slate                      -120.00 USD
  Expenses:Transport:Tram                          120.00 USD

2021-08-28 * "Jewel of Morroco" "Eating out after work"
  Liabilities:US:Chase:Slate                       -21.27 USD
  Expenses:Food:Restaurant                          21.27 USD

2021-08-29 * "Rose Flower" "Eating out alone"
  Liabilities:US:Chase:Slate                       -19.89 USD
  Expenses:Food:Restaurant                          19.89 USD

2021-09-03 * "Uncle Boons" "Eating out with Natasha"
  Liabilities:US:Chase:Slate                       -39.34 USD
  Expenses:Food:Restaurant                          39.34 USD

2021-09-04 * "Farmer Fresh" "Buying groceries"
  Liabilities:US:Chase:Slate                       -96.50 USD
  Expenses:Food:Groceries                           96.50 USD

2021-09-08 * "Uncle Boons" "Eating out with work buddies"
  Liabilities:US:Chase:Slate                       -34.83 USD
  Expenses:Food:Restaurant                          34.83 USD

2021-09-11 * "Rose Flower" "Eating out with Natasha"
  Liabilities:US:Chase:Slate                       -42.18 USD
  Expenses:Food:Restaurant                          42.18 USD

2021-09-11 * "Chase:Slate" "Paying off credit card"
  Liabilities:US:Chase:Slate                       562.55 USD
  Assets:US:BofA:Checking                         -562.55 USD

2021-09-12 * "Rose Flower" "Eating out after work"
  Liabilities:US:Chase:Slate                       -43.46 USD
  Expenses:Food:Restaurant                          43.46 USD

2021-09-17 * "Uncle Boons" "Eating out after work"
  Liabilities:US:Chase:Slate                       -16.59 USD
  Expenses:Food:Restaurant                          16.59 USD

2021-09-19 * "Good Moods Market" "Buying groceries"
  Liabilities:US:Chase:Slate                       -64.43 USD
  Expenses:Food:Groceries                           64.43 USD

2021-09-20 balance Liabilities:US:Chase:Slate    -1823.38 USD

2021-09-22 * "Rose Flower" "Eating out after work"
  Liabilities:US:Chase:Slate                       -33.99 USD
  Expenses:Food:Restaurant                          33.99 USD

2021-09-23 * "China Garden" "Eating out with Joe"
  Liabilities:US:Chase:Slate                       -28.48 USD
  Expenses:Food:Restaurant                          28.48 USD

2021-09-26 * "Jewel of Morroco" "Eating out with Bill"
  Liabilities:US:Chase:Slate                       -28.55 USD
  Expenses:Food:Restaurant                          28.55 USD

2021-09-27 * "Jewel of Morroco" "Eating out with work buddies"
  Liabilities:US:Chase:Slate                       -41.79 USD
  Expenses:Food:Restaurant                          41.79 USD

2021-09-27 * "Metro Transport Authority" "Tram tickets"
  Liabilities:US:Chase:Slate                      -120.00 USD
  Expenses:Transport:Tram                          120.00 USD

2021-09-29 * "Jewel of Morroco" "Eating out with Julie"
  Liabilities:US:Chase:Slate                       -14.31 USD
  Expenses:Food:Restaurant                          14.31 USD

2021-09-29 * "Corner Deli" "Buying groceries"
  Liabilities:US:Chase:Slate                       -86.69 USD
  Expenses:Food:Groceries                           86.69 USD

2021-10-01 * "Cafe Modagor" "Eating out after work"
  Liabilities:US:Chase:Slate                       -57.40 USD
  Expenses:Food:Restaurant                          57.40 USD

2021-10-02 * "Goba Goba" "Eating out with Bill"
  Liabilities:US:Chase:Slate                       -62.60 USD
  Expenses:Food:Restaurant                          62.60 USD

2021-10-07 * "Jewel of Morroco" "Eating out with Bill"
  Liabilities:US:Chase:Slate                       -39.83 USD
  Expenses:Food:Restaurant                          39.83 USD

2021-10-07 * "Chase:Slate" "Paying off credit card"
  Liabilities:US:Chase:Slate                       638.12 USD
  Assets:US:BofA:Checking                         -638.12 USD

2021-10-09 * "Onion Market" "Buying groceries"
  Liabilities:US:Chase:Slate                       -81.72 USD
  Expenses:Food:Groceries                           81.72 USD

2021-10-10 balance Liabilities:US:Chase:Slate    -1780.62 USD

2021-10-11 * "Goba Goba" "Eating out with Bill"
  Liabilities:US:Chase:Slate                       -21.88 USD
  Expenses:Food:Restaurant                          21.88 USD

2021-10-14 * "Kin Soy" "Eating out with Natasha"
  Liabilities:US:Chase:Slate                       -41.40 USD
  Expenses:Food:Restaurant                          41.40 USD

2021-10-19 * "Rose Flower" "Eating out with Joe"
  Liabilities:US:Chase:Slate                       -49.40 USD
  Expenses:Food:Restaurant                          49.40 USD

2021-10-22 * "Rose Flower" "Eating out with work buddies"
  Liabilities:US:Chase:Slate                       -34.99 USD
  Expenses:Food:Restaurant                          34.99 USD

2021-10-22 * "Onion Market" "Buying groceries"
  Liabilities:US:Chase:Slate                       -95.87 USD
  Expenses:Food:Groceries                           95.87 USD

2021-10-26 * "Chichipotle" "Eating out with Natasha"
  Liabilities:US:Chase:Slate                       -25.28 USD
  Expenses:Food:Restaurant                          25.28 USD

2021-10-29 * "Uncle Boons" "Eating out alone"
  Liabilities:US:Chase:Slate                       -52.92 USD
  Expenses:Food:Restaurant                          52.92 USD

2021-10-30 * "Metro Transport Authority" "Tram tickets"
  Liabilities:US:Chase:Slate                      -120.00 USD
  Expenses:Transport:Tram                          120.00 USD

2021-10-31 * "Rose Flower" "Eating out with Julie"
  Liabilities:US:Chase:Slate                       -16.39 USD
  Expenses:Food:Restaurant                          16.39 USD

2021-11-02 * "Onion Market" "Buying groceries"
  Liabilities:US:Chase:Slate                       -97.05 USD
  Expenses:Food:Groceries                           97.05 USD

2021-11-03 balance Liabilities:US:Chase:Slate    -2335.80 USD

2021-11-03 * "Rose Flower" "Eating out with Natasha"
  Liabilities:US:Chase:Slate                       -47.50 USD
  Expenses:Food:Restaurant                          47.50 USD

2021-11-06 * "Jewel of Morroco" "Eating out with Natasha"
  Liabilities:US:Chase:Slate                       -15.48 USD
  Expenses:Food:Restaurant                          15.48 USD

2021-11-07 * "Jewel of Morroco" "Eating out "
  Liabilities:US:Chase:Slate                       -16.55 USD
  Expenses:Food:Restaurant                          16.55 USD

2021-11-07 * "Corner Deli" "Buying groceries"
  Liabilities:US:Chase:Slate                      -166.23 USD
  Expenses:Food:Groceries                          166.23 USD

2021-11-07 * "Chase:Slate" "Paying off credit card"
  Liabilities:US:Chase:Slate                       716.43 USD
  Assets:US:BofA:Checking                         -716.43 USD

2021-11-12 * "Cafe Modagor" "Eating out alone"
  Liabilities:US:Chase:Slate                       -24.37 USD
  Expenses:Food:Restaurant                          24.37 USD

2021-11-14 * "Uncle Boons" "Eating out with Bill"
  Liabilities:US:Chase:Slate                       -35.22 USD
  Expenses:Food:Restaurant                          35.22 USD

2021-11-15 * "Chichipotle" "Eating out "
  Liabilities:US:Chase:Slate                       -20.18 USD
  Expenses:Food:Restaurant                          20.18 USD

2021-11-16 * "Farmer Fresh" "Buying groceries"
  Liabilities:US:Chase:Slate                       -71.54 USD
  Expenses:Food:Groceries                           71.54 USD

2021-11-18 * "Jewel of Morroco" "Eating out with work buddies"
  Liabilities:US:Chase:Slate                       -11.48 USD
  Expenses:Food:Restaurant                          11.48 USD

2021-11-20 * "Kin Soy" "Eating out with Natasha"
  Liabilities:US:Chase:Slate                       -30.81 USD
  Expenses:Food:Restaurant                          30.81 USD

2021-11-23 * "Uncle Boons" "Eating out with Bill"
  Liabilities:US:Chase:Slate                       -16.86 USD
  Expenses:Food:Restaurant                          16.86 USD

2021-11-23 * "Good Moods Market" "Buying groceries"
  Liabilities:US:Chase:Slate                      -128.96 USD
  Expenses:Food:Groceries                          128.96 USD

2021-11-24 * "China Garden" "Eating out after work"
  Liabilities:US:Chase:Slate                       -24.94 USD
  Expenses:Food:Restaurant                          24.94 USD

2021-11-25 * "China Garden" "Eating out with Bill"
  Liabilities:US:Chase:Slate                       -10.39 USD
  Expenses:Food:Restaurant                          10.39 USD

2021-11-26 balance Liabilities:US:Chase:Slate    -2239.88 USD

2021-11-28 * "Metro Transport Authority" "Tram tickets"
  Liabilities:US:Chase:Slate                      -120.00 USD
  Expenses:Transport:Tram                          120.00 USD

2021-11-29 * "Chichipotle" "Eating out "
  Liabilities:US:Chase:Slate                       -42.63 USD
  Expenses:Food:Restaurant                          42.63 USD

2021-12-03 * "Kin Soy" "Eating out with Natasha"
  Liabilities:US:Chase:Slate                       -28.62 USD
  Expenses:Food:Restaurant                          28.62 USD

2021-12-07 * "Chase:Slate" "Paying off credit card"
  Liabilities:US:Chase:Slate                       759.60 USD
  Assets:US:BofA:Checking                         -759.60 USD

2021-12-08 * "Cafe Modagor" "Eating out with Julie"
  Liabilities:US:Chase:Slate                       -27.37 USD
  Expenses:Food:Restaurant                          27.37 USD

2021-12-10 * "Goba Goba" "Eating out after work"
  Liabilities:US:Chase:Slate                       -23.25 USD
  Expenses:Food:Restaurant                          23.25 USD

2021-12-13 * "Rose Flower" "Eating out after work"
  Liabilities:US:Chase:Slate                       -72.62 USD
  Expenses:Food:Restaurant                          72.62 USD

2021-12-13 * "Onion Market" "Buying groceries"
  Liabilities:US:Chase:Slate                       -90.93 USD
  Expenses:Food:Groceries                           90.93 USD

2021-12-16 * "Uncle Boons" "Eating out after work"
  Liabilities:US:Chase:Slate                       -24.55 USD
  Expenses:Food:Restaurant                          24.55 USD

2021-12-18 balance Liabilities:US:Chase:Slate    -1910.25 USD

2021-12-18 * "Uncle Boons" "Eating out alone"
  Liabilities:US:Chase:Slate                       -23.26 USD
  Expenses:Food:Restaurant                          23.26 USD

2021-12-21 * "Jewel of Morroco" "Eating out with Joe"
  Liabilities:US:Chase:Slate                       -23.52 USD
  Expenses:Food:Restaurant                          23.52 USD

2021-12-22 * "Good Moods Market" "Buying groceries"
  Liabilities:US:Chase:Slate                       -56.41 USD
  Expenses:Food:Groceries                           56.41 USD

2021-12-23 * "Kin Soy" "Eating out alone"
  Liabilities:US:Chase:Slate                       -26.55 USD
  Expenses:Food:Restaurant                          26.55 USD

2021-12-25 * "Goba Goba" "Eating out after work"
  Liabilities:US:Chase:Slate                       -52.10 USD
  Expenses:Food:Restaurant                          52.10 USD

2021-12-27 * "Rose Flower" "Eating out after work"
  Liabilities:US:Chase:Slate                       -27.03 USD
  Expenses:Food:Restaurant                          27.03 USD

2021-12-28 * "Metro Transport Authority" "Tram tickets"
  Liabilities:US:Chase:Slate                      -120.00 USD
  Expenses:Transport:Tram                          120.00 USD

2021-12-29 * "Goba Goba" "Eating out with Joe"
  Liabilities:US:Chase:Slate                       -26.14 USD
  Expenses:Food:Restaurant                          26.14 USD

2022-01-01 * "Rose Flower" "Eating out "
  Liabilities:US:Chase:Slate                       -29.13 USD
  Expenses:Food:Restaurant                          29.13 USD

2022-01-02 * "Good Moods Market" "Buying groceries"
  Liabilities:US:Chase:Slate                       -68.04 USD
  Expenses:Food:Groceries                           68.04 USD

2022-01-05 * "China Garden" "Eating out with Natasha"
  Liabilities:US:Chase:Slate                       -15.81 USD
  Expenses:Food:Restaurant                          15.81 USD

2022-01-07 * "Uncle Boons" "Eating out with Julie"
  Liabilities:US:Chase:Slate                       -32.70 USD
  Expenses:Food:Restaurant                          32.70 USD

2022-01-09 * "Good Moods Market" "Buying groceries"
  Liabilities:US:Chase:Slate                       -76.70 USD
  Expenses:Food:Groceries                           76.70 USD

2022-01-10 * "Chase:Slate" "Paying off credit card"
  Liabilities:US:Chase:Slate                       820.56 USD
  Assets:US:BofA:Checking                         -820.56 USD

2022-01-12 * "Goba Goba" "Eating out with Julie"
  Liabilities:US:Chase:Slate                       -31.82 USD
  Expenses:Food:Restaurant                          31.82 USD

2022-01-15 balance Liabilities:US:Chase:Slate    -1698.90 USD

2022-01-17 * "Kin Soy" "Eating out alone"
  Liabilities:US:Chase:Slate                       -26.60 USD
  Expenses:Food:Restaurant                          26.60 USD

2022-01-22 * "Jewel of Morroco" "Eating out with work buddies"
  Liabilities:US:Chase:Slate                       -41.48 USD
  Expenses:Food:Restaurant                          41.48 USD

2022-01-23 * "China Garden" "Eating out with Julie"
  Liabilities:US:Chase:Slate                       -35.04 USD
  Expenses:Food:Restaurant                          35.04 USD

2022-01-24 * "Jewel of Morroco" "Eating out with work buddies"
  Liabilities:US:Chase:Slate                       -29.39 USD
  Expenses:Food:Restaurant                          29.39 USD

2022-01-24 * "Onion Market" "Buying groceries"
  Liabilities:US:Chase:Slate                       -67.84 USD
  Expenses:Food:Groceries                           67.84 USD

2022-01-26 * "Kin Soy" "Eating out with Bill"
  Liabilities:US:Chase:Slate                       -80.35 USD
  Expenses:Food:Restaurant                          80.35 USD

2022-01-27 * "Chichipotle" "Eating out with Joe"
  Liabilities:US:Chase:Slate                      -104.52 USD
  Expenses:Food:Restaurant                         104.52 USD

2022-01-27 * "Metro Transport Authority" "Tram tickets"
  Liabilities:US:Chase:Slate                      -120.00 USD
  Expenses:Transport:Tram                          120.00 USD

2022-01-30 * "Jewel of Morroco" "Eating out with Joe"
  Liabilities:US:Chase:Slate                       -23.74 USD
  Expenses:Food:Restaurant                          23.74 USD

2022-01-31 * "Good Moods Market" "Buying groceries"
  Liabilities:US:Chase:Slate                      -106.42 USD
  Expenses:Food:Groceries                          106.42 USD

2022-02-04 * "Jewel of Morroco" "Eating out after work"
  Liabilities:US:Chase:Slate                       -41.23 USD
  Expenses:Food:Restaurant                          41.23 USD

2022-02-05 * "Goba Goba" "Eating out "
  Liabilities:US:Chase:Slate                       -25.20 USD
  Expenses:Food:Restaurant                          25.20 USD

2022-02-07 balance Liabilities:US:Chase:Slate    -2400.71 USD

2022-02-07 * "Uncle Boons" "Eating out with Julie"
  Liabilities:US:Chase:Slate                       -47.19 USD
  Expenses:Food:Restaurant                          47.19 USD

2022-02-10 * "Chase:Slate" "Paying off credit card"
  Liabilities:US:Chase:Slate                       797.51 USD
  Assets:US:BofA:Checking                         -797.51 USD

2022-02-12 * "Cafe Modagor" "Eating out with Joe"
  Liabilities:US:Chase:Slate                       -48.51 USD
  Expenses:Food:Restaurant                          48.51 USD

2022-02-13 * "Goba Goba" "Eating out alone"
  Liabilities:US:Chase:Slate                       -33.65 USD
  Expenses:Food:Restaurant                          33.65 USD

2022-02-14 * "China Garden" "Eating out with Joe"
  Liabilities:US:Chase:Slate                       -16.78 USD
  Expenses:Food:Restaurant                          16.78 USD

2022-02-18 * "Corner Deli" "Buying groceries"
  Liabilities:US:Chase:Slate                       -73.65 USD
  Expenses:Food:Groceries                           73.65 USD

2022-02-19 * "Goba Goba" "Eating out with Julie"
  Liabilities:US:Chase:Slate                       -47.33 USD
  Expenses:Food:Restaurant                          47.33 USD

2022-02-21 * "Goba Goba" "Eating out after work"
  Liabilities:US:Chase:Slate                       -33.68 USD
  Expenses:Food:Restaurant                          33.68 USD

2022-02-23 * "Metro Transport Authority" "Tram tickets"
  Liabilities:US:Chase:Slate                      -120.00 USD
  Expenses:Transport:Tram                          120.00 USD

2022-02-25 * "Goba Goba" "Eating out alone"
  Liabilities:US:Chase:Slate                       -34.92 USD
  Expenses:Food:Restaurant                          34.92 USD

2022-02-26 * "Rose Flower" "Eating out after work"
  Liabilities:US:Chase:Slate                       -23.71 USD
  Expenses:Food:Restaurant                          23.71 USD

2022-02-28 balance Liabilities:US:Chase:Slate    -2082.62 USD

2022-02-28 * "Jewel of Morroco" "Eating out after work"
  Liabilities:US:Chase:Slate                       -37.93 USD
  Expenses:Food:Restaurant                          37.93 USD

2022-03-04 * "China Garden" "Eating out with Joe"
  Liabilities:US:Chase:Slate                        -8.15 USD
  Expenses:Food:Restaurant                           8.15 USD

2022-03-05 * "Good Moods Market" "Buying groceries"
  Liabilities:US:Chase:Slate                       -60.93 USD
  Expenses:Food:Groceries                           60.93 USD

2022-03-08 * "China Garden" "Eating out "
  Liabilities:US:Chase:Slate                       -28.85 USD
  Expenses:Food:Restaurant                          28.85 USD

2022-03-09 * "Kin Soy" "Eating out with Natasha"
  Liabilities:US:Chase:Slate                       -29.84 USD
  Expenses:Food:Restaurant                          29.84 USD

2022-03-09 * "Chase:Slate" "Paying off credit card"
  Liabilities:US:Chase:Slate                       549.42 USD
  Assets:US:BofA:Checking                         -549.42 USD

2022-03-12 * "Corner Deli" "Buying groceries"
  Liabilities:US:Chase:Slate                       -75.99 USD
  Expenses:Food:Groceries                           75.99 USD

2022-03-14 * "Uncle Boons" "Eating out with work buddies"
  Liabilities:US:Chase:Slate                       -41.35 USD
  Expenses:Food:Restaurant                          41.35 USD

2022-03-16 * "China Garden" "Eating out alone"
  Liabilities:US:Chase:Slate                       -25.77 USD
  Expenses:Food:Restaurant                          25.77 USD

2022-03-18 * "Kin Soy" "Eating out with Natasha"
  Liabilities:US:Chase:Slate                       -15.64 USD
  Expenses:Food:Restaurant                          15.64 USD

2022-03-19 event "location" "New York"

2022-03-20 * "Takahachi" "" #trip-new-york-2022
  Liabilities:US:Chase:Slate                       -47.92 USD
  Expenses:Food:Restaurant                          47.92 USD

2022-03-22 * "Cafe Select" "" #trip-new-york-2022
  Liabilities:US:Chase:Slate                       -24.00 USD
  Expenses:Food:Restaurant                          24.00 USD

2022-03-22 * "Takahachi" "" #trip-new-york-2022
  Liabilities:US:Chase:Slate                       -50.31 USD
  Expenses:Food:Restaurant                          50.31 USD

2022-03-22 * "Laut" "" #trip-new-york-2022
  Liabilities:US:Chase:Slate                       -28.80 USD
  Expenses:Food:Restaurant                          28.80 USD

2022-03-22 * "La Colombe" "" #trip-new-york-2022
  Liabilities:US:Chase:Slate                        -6.80 USD
  Expenses:Food:Coffee                               6.80 USD

2022-03-23 * "Cafe Select" "" #trip-new-york-2022
  Liabilities:US:Chase:Slate                       -28.77 USD
  Expenses:Food:Restaurant                          28.77 USD

2022-03-23 * "Takahachi" "" #trip-new-york-2022
  Liabilities:US:Chase:Slate                       -49.67 USD
  Expenses:Food:Restaurant                          49.67 USD

2022-03-23 * "La Colombe" "" #trip-new-york-2022
  Liabilities:US:Chase:Slate                        -4.83 USD
  Expenses:Food:Coffee                               4.83 USD

2022-03-23 * "Gimme! Coffee" "" #trip-new-york-2022
  Liabilities:US:Chase:Slate                        -6.87 USD
  Expenses:Food:Coffee                               6.87 USD

2022-03-24 * "Uncle Boons" "" #trip-new-york-2022
  Liabilities:US:Chase:Slate                       -33.16 USD
  Expenses:Food:Restaurant                          33.16 USD

2022-03-24 * "La Colombe" "" #trip-new-york-2022
  Liabilities:US:Chase:Slate                        -3.92 USD
  Expenses:Food:Coffee                               3.92 USD

2022-03-24 * "Gimme! Coffee" "" #trip-new-york-2022
  Liabilities:US:Chase:Slate                        -7.04 USD
  Expenses:Food:Coffee                               7.04 USD

2022-03-25 * "Takahachi" "" #trip-new-york-2022
  Liabilities:US:Chase:Slate                       -61.55 USD
  Expenses:Food:Restaurant                          61.55 USD

2022-03-25 * "Laut" "" #trip-new-york-2022
  Liabilities:US:Chase:Slate                       -30.13 USD
  Expenses:Food:Restaurant                          30.13 USD

2022-03-25 * "La Colombe" "" #trip-new-york-2022
  Liabilities:US:Chase:Slate                        -4.20 USD
  Expenses:Food:Coffee                               4.20 USD

2022-03-26 * "Laut" "" #trip-new-york-2022
  Liabilities:US:Chase:Slate                       -37.34 USD
  Expenses:Food:Restaurant                          37.34 USD

2022-03-26 * "Gimme! Coffee" "" #trip-new-york-2022
  Liabilities:US:Chase:Slate                        -8.69 USD
  Expenses:Food:Coffee                               8.69 USD

2022-03-27 * "Takahachi" "" #trip-new-york-2022
  Liabilities:US:Chase:Slate                       -44.54 USD
  Expenses:Food:Restaurant                          44.54 USD

2022-03-27 * "Gimme! Coffee" "" #trip-new-york-2022
  Liabilities:US:Chase:Slate                        -5.47 USD
  Expenses:Food:Coffee                               5.47 USD

2022-03-28 balance Liabilities:US:Chase:Slate    -2341.66 USD

2022-03-28 * "Uncle Boons" "" #trip-new-york-2022
  Liabilities:US:Chase:Slate                       -32.84 USD
  Expenses:Food:Restaurant                          32.84 USD

2022-03-28 * "Cafe Select" "" #trip-new-york-2022
  Liabilities:US:Chase:Slate                       -25.65 USD
  Expenses:Food:Restaurant                          25.65 USD

2022-03-28 * "Takahachi" "" #trip-new-york-2022
  Liabilities:US:Chase:Slate                       -48.48 USD
  Expenses:Food:Restaurant                          48.48 USD

2022-03-28 * "Laut" "" #trip-new-york-2022
  Liabilities:US:Chase:Slate                       -30.43 USD
  Expenses:Food:Restaurant                          30.43 USD

2022-03-29 * "Cafe Select" "" #trip-new-york-2022
  Liabilities:US:Chase:Slate                       -29.44 USD
  Expenses:Food:Restaurant                          29.44 USD

2022-03-29 * "Takahachi" "" #trip-new-york-2022
  Liabilities:US:Chase:Slate                       -52.34 USD
  Expenses:Food:Restaurant                          52.34 USD

2022-03-29 * "Laut" "" #trip-new-york-2022
  Liabilities:US:Chase:Slate                       -36.49 USD
  Expenses:Food:Restaurant                          36.49 USD

2022-03-29 * "Gimme! Coffee" "" #trip-new-york-2022
  Liabilities:US:Chase:Slate                        -8.08 USD
  Expenses:Food:Coffee                               8.08 USD

2022-03-30 * "Laut" "" #trip-new-york-2022
  Liabilities:US:Chase:Slate                       -32.26 USD
  Expenses:Food:Restaurant                          32.26 USD

2022-03-30 * "Gimme! Coffee" "" #trip-new-york-2022
  Liabilities:US:Chase:Slate                        -8.72 USD
  Expenses:Food:Coffee                               8.72 USD

2022-03-31 * "Uncle Boons" "" #trip-new-york-2022
  Liabilities:US:Chase:Slate                       -37.50 USD
  Expenses:Food:Restaurant                          37.50 USD

2022-03-31 * "Laut" "" #trip-new-york-2022
  Liabilities:US:Chase:Slate                       -30.22 USD
  Expenses:Food:Restaurant                          30.22 USD

2022-04-01 * "Uncle Boons" "" #trip-new-york-2022
  Liabilities:US:Chase:Slate                       -41.98 USD
  Expenses:Food:Restaurant                          41.98 USD

2022-04-01 * "Laut" "" #trip-new-york-2022
  Liabilities:US:Chase:Slate                       -29.75 USD
  Expenses:Food:Restaurant                          29.75 USD

2022-04-02 * "Laut" "" #trip-new-york-2022
  Liabilities:US:Chase:Slate                       -28.01 USD
  Expenses:Food:Restaurant                          28.01 USD

2022-04-02 * "Gimme! Coffee" "" #trip-new-york-2022
  Liabilities:US:Chase:Slate                        -6.27 USD
  Expenses:Food:Coffee                               6.27 USD

2022-04-03 * "La Colombe" "" #trip-new-york-2022
  Liabilities:US:Chase:Slate                        -6.52 USD
  Expenses:Food:Coffee                               6.52 USD

2022-04-04 * "Laut" "" #trip-new-york-2022
  Liabilities:US:Chase:Slate                       -33.14 USD
  Expenses:Food:Restaurant                          33.14 USD

2022-04-05 * "Uncle Boons" "" #trip-new-york-2022
  Liabilities:US:Chase:Slate                       -42.56 USD
  Expenses:Food:Restaurant                          42.56 USD

2022-04-05 * "La Colombe" "" #trip-new-york-2022
  Liabilities:US:Chase:Slate                        -5.49 USD
  Expenses:Food:Coffee                               5.49 USD

2022-04-06 * "Cafe Select" "" #trip-new-york-2022
  Liabilities:US:Chase:Slate                       -32.54 USD
  Expenses:Food:Restaurant                          32.54 USD

2022-04-06 * "Takahachi" "" #trip-new-york-2022
  Liabilities:US:Chase:Slate                       -47.28 USD
  Expenses:Food:Restaurant                          47.28 USD

2022-04-06 * "La Colombe" "" #trip-new-york-2022
  Liabilities:US:Chase:Slate                        -6.35 USD
  Expenses:Food:Coffee                               6.35 USD

2022-04-07 * "Gimme! Coffee" "" #trip-new-york-2022
  Liabilities:US:Chase:Slate                        -8.69 USD
  Expenses:Food:Coffee                               8.69 USD

2022-04-08 * "Uncle Boons" "" #trip-new-york-2022
  Liabilities:US:Chase:Slate                       -44.37 USD
  Expenses:Food:Restaurant                          44.37 USD

2022-04-08 * "Takahachi" "" #trip-new-york-2022
  Liabilities:US:Chase:Slate                       -52.68 USD
  Expenses:Food:Restaurant                          52.68 USD

2022-04-08 * "Laut" "" #trip-new-york-2022
  Liabilities:US:Chase:Slate                       -37.35 USD
  Expenses:Food:Restaurant                          37.35 USD

2022-04-09 * "Takahachi" "" #trip-new-york-2022
  Liabilities:US:Chase:Slate                       -49.57 USD
  Expenses:Food:Restaurant                          49.57 USD

2022-04-09 * "Laut" "" #trip-new-york-2022
  Liabilities:US:Chase:Slate                       -35.06 USD
  Expenses:Food:Restaurant                          35.06 USD

2022-04-09 * "Consume vacation days"
  Assets:US:Hoogle:Vacation                          -168 VACHR
  Expenses:Vacation                                   168 VACHR

2022-04-09 event "location" "New Metropolis"

2022-04-10 * "Onion Market" "Buying groceries"
  Liabilities:US:Chase:Slate                       -67.89 USD
  Expenses:Food:Groceries                           67.89 USD

2022-04-12 * "Uncle Boons" "Eating out with Natasha"
  Liabilities:US:Chase:Slate                       -49.77 USD
  Expenses:Food:Restaurant                          49.77 USD

2022-04-13 * "Cafe Modagor" "Eating out with work buddies"
  Liabilities:US:Chase:Slate                       -48.68 USD
  Expenses:Food:Restaurant                          48.68 USD

2022-04-14 * "Rose Flower" "Eating out "
  Liabilities:US:Chase:Slate                       -49.77 USD
  Expenses:Food:Restaurant                          49.77 USD

2022-04-15 * "Cafe Modagor" "Eating out with Julie"
  Liabilities:US:Chase:Slate                       -18.89 USD
  Expenses:Food:Restaurant                          18.89 USD

2022-04-17 * "Goba Goba" "Eating out with Joe"
  Liabilities:US:Chase:Slate                       -41.72 USD
  Expenses:Food:Restaurant                          41.72 USD

2022-04-19 * "Jewel of Morroco" "Eating out "
  Liabilities:US:Chase:Slate                       -29.10 USD
  Expenses:Food:Restaurant                          29.10 USD

2022-04-21 balance Liabilities:US:Chase:Slate    -3527.54 USD

2022-04-21 * "Rose Flower" "Eating out alone"
  Liabilities:US:Chase:Slate                       -45.50 USD
  Expenses:Food:Restaurant                          45.50 USD

2022-04-22 * "Cafe Modagor" "Eating out with Bill"
  Liabilities:US:Chase:Slate                       -27.40 USD
  Expenses:Food:Restaurant                          27.40 USD

2022-04-24 * "Goba Goba" "Eating out with work buddies"
  Liabilities:US:Chase:Slate                       -33.87 USD
  Expenses:Food:Restaurant                          33.87 USD

2022-04-24 * "Corner Deli" "Buying groceries"
  Liabilities:US:Chase:Slate                       -92.00 USD
  Expenses:Food:Groceries                           92.00 USD

2022-04-28 * "Metro Transport Authority" "Tram tickets"
  Liabilities:US:Chase:Slate                      -120.00 USD
  Expenses:Transport:Tram                          120.00 USD

2022-04-29 * "China Garden" "Eating out with work buddies"
  Liabilities:US:Chase:Slate                       -29.14 USD
  Expenses:Food:Restaurant                          29.14 USD



* Taxable Investments

2020-01-01 open Assets:US:ETrade:Cash                       USD
  asset-type: "INVEST"
2020-01-01 open Assets:US:ETrade:ITOT                       ITOT
  asset-type: "INVEST"
2020-01-01 open Assets:US:ETrade:VEA                       VEA
  asset-type: "INVEST"
2020-01-01 open Assets:US:ETrade:VHT                       VHT
  asset-type: "INVEST"
2020-01-01 open Assets:US:ETrade:GLD                       GLD
  asset-type: "INVEST"
2020-01-01 open Income:US:ETrade:PnL                        USD
2020-01-01 open Income:US:ETrade:ITOT:Dividend              USD
2020-01-01 open Income:US:ETrade:VEA:Dividend              USD
2020-01-01 open Income:US:ETrade:VHT:Dividend              USD
2020-01-01 open Income:US:ETrade:GLD:Dividend              USD

2020-09-17 * "Dividends on portfolio"
  Assets:US:ETrade:Cash                              0.00 USD
  Income:US:ETrade:GLD:Dividend                      0.00 USD

2020-10-03 * "Buy shares of ITOT"
  Assets:US:ETrade:Cash                          -3764.31 USD
  Assets:US:ETrade:ITOT                                16 ITOT {234.71 USD, 2020-10-03}
  Expenses:Financial:Commissions                     8.95 USD

2020-10-24 * "Sell shares of ITOT"
  Assets:US:ETrade:ITOT                               -16 ITOT {234.71 USD, 2020-10-03} @ 224.05 USD
  Assets:US:ETrade:Cash                           3575.85 USD
  Expenses:Financial:Commissions                     8.95 USD
  Income:US:ETrade:PnL                             170.56 USD

2020-12-14 * "Buy shares of ITOT"
  Assets:US:ETrade:Cash                          -7629.31 USD
  Assets:US:ETrade:ITOT                                33 ITOT {230.92 USD, 2020-12-14}
  Expenses:Financial:Commissions                     8.95 USD

2020-12-17 * "Dividends on portfolio"
  Assets:US:ETrade:Cash                             45.50 USD
  Income:US:ETrade:VEA:Dividend                    -45.50 USD

2021-01-10 * "Sell shares of ITOT"
  Assets:US:ETrade:ITOT                               -33 ITOT {230.92 USD, 2020-12-14} @ 241.70 USD
  Assets:US:ETrade:Cash                           7967.15 USD
  Expenses:Financial:Commissions                     8.95 USD
  Income:US:ETrade:PnL                            -355.74 USD

2021-01-12 * "Buy shares of ITOT"
  Assets:US:ETrade:Cash                          -1942.55 USD
  Assets:US:ETrade:ITOT                                 8 ITOT {241.70 USD, 2021-01-12}
  Expenses:Financial:Commissions                     8.95 USD

2021-01-12 * "Buy shares of GLD"
  Assets:US:ETrade:Cash                          -1893.47 USD
  Assets:US:ETrade:GLD                                 11 GLD {171.32 USD, 2021-01-12}
  Expenses:Financial:Commissions                     8.95 USD

2021-01-12 * "Buy shares of VEA"
  Assets:US:ETrade:Cash                          -1991.23 USD
  Assets:US:ETrade:VEA                                 12 VEA {165.19 USD, 2021-01-12}
  Expenses:Financial:Commissions                     8.95 USD

2021-01-12 * "Buy shares of VHT"
  Assets:US:ETrade:Cash                          -1939.97 USD
  Assets:US:ETrade:VHT                                 14 VHT {137.93 USD, 2021-01-12}
  Expenses:Financial:Commissions                     8.95 USD

2021-01-31 * "Sell shares of ITOT"
  Assets:US:ETrade:ITOT                                -8 ITOT {241.70 USD, 2021-01-12} @ 250.23 USD
  Assets:US:ETrade:Cash                           1992.89 USD
  Expenses:Financial:Commissions                     8.95 USD
  Income:US:ETrade:PnL                             -68.24 USD

2021-02-26 * "Buy shares of GLD"
  Assets:US:ETrade:Cash                           -675.83 USD
  Assets:US:ETrade:GLD                                  4 GLD {166.72 USD, 2021-02-26}
  Expenses:Financial:Commissions                     8.95 USD

2021-02-26 * "Buy shares of VEA"
  Assets:US:ETrade:Cash                           -689.23 USD
  Assets:US:ETrade:VEA                                  4 VEA {170.07 USD, 2021-02-26}
  Expenses:Financial:Commissions                     8.95 USD

2021-02-26 * "Buy shares of ITOT"
  Assets:US:ETrade:Cash                           -497.07 USD
  Assets:US:ETrade:ITOT                                 2 ITOT {244.06 USD, 2021-02-26}
  Expenses:Financial:Commissions                     8.95 USD

2021-03-18 * "Dividends on portfolio"
  Assets:US:ETrade:Cash                             83.77 USD
  Income:US:ETrade:VEA:Dividend                    -83.77 USD

2021-05-02 * "Sell shares of VEA"
  Assets:US:ETrade:VEA                                -12 VEA {165.19 USD, 2021-01-12} @ 172.41 USD
  Assets:US:ETrade:Cash                           2059.97 USD
  Expenses:Financial:Commissions                     8.95 USD
  Income:US:ETrade:PnL                             -86.64 USD

2021-05-19 * "Buy shares of VHT"
  Assets:US:ETrade:Cash                          -1155.35 USD
  Assets:US:ETrade:VHT                                  8 VHT {143.30 USD, 2021-05-19}
  Expenses:Financial:Commissions                     8.95 USD

2021-05-19 * "Buy shares of VEA"
  Assets:US:ETrade:Cash                          -1208.54 USD
  Assets:US:ETrade:VEA                                  7 VEA {171.37 USD, 2021-05-19}
  Expenses:Financial:Commissions                     8.95 USD

2021-06-05 * "Sell shares of VHT"
  Assets:US:ETrade:VHT                                 -8 VHT {143.30 USD, 2021-05-19} @ 143.76 USD
  Assets:US:ETrade:Cash                           1141.13 USD
  Expenses:Financial:Commissions                     8.95 USD
  Income:US:ETrade:PnL                              -3.68 USD

2021-06-13 * "Buy shares of VEA"
  Assets:US:ETrade:Cash                           -523.18 USD
  Assets:US:ETrade:VEA                                  3 VEA {171.41 USD, 2021-06-13}
  Expenses:Financial:Commissions                     8.95 USD

2021-06-13 * "Buy shares of ITOT"
  Assets:US:ETrade:Cash                           -577.59 USD
  Assets:US:ETrade:ITOT                                 2 ITOT {284.32 USD, 2021-06-13}
  Expenses:Financial:Commissions                     8.95 USD

2021-06-18 * "Dividends on portfolio"
  Assets:US:ETrade:Cash                             97.49 USD
  Income:US:ETrade:GLD:Dividend                    -97.49 USD

2021-08-15 * "Buy shares of VEA"
  Assets:US:ETrade:Cash                           -872.85 USD
  Assets:US:ETrade:VEA                                  5 VEA {172.78 USD, 2021-08-15}
  Expenses:Financial:Commissions                     8.95 USD

2021-08-15 * "Buy shares of GLD"
  Assets:US:ETrade:Cash                           -876.70 USD
  Assets:US:ETrade:GLD                                  5 GLD {173.55 USD, 2021-08-15}
  Expenses:Financial:Commissions                     8.95 USD

2021-08-15 * "Buy shares of VHT"
  Assets:US:ETrade:Cash                           -761.50 USD
  Assets:US:ETrade:VHT                                  5 VHT {150.51 USD, 2021-08-15}
  Expenses:Financial:Commissions                     8.95 USD

2021-08-15 * "Buy shares of ITOT"
  Assets:US:ETrade:Cash                           -620.29 USD
  Assets:US:ETrade:ITOT                                 2 ITOT {305.67 USD, 2021-08-15}
  Expenses:Financial:Commissions                     8.95 USD

2021-09-18 * "Dividends on portfolio"
  Assets:US:ETrade:Cash                            109.87 USD
  Income:US:ETrade:GLD:Dividend                   -109.87 USD

2021-10-26 * "Buy shares of ITOT"
  Assets:US:ETrade:Cash                          -1278.15 USD
  Assets:US:ETrade:ITOT                                 4 ITOT {317.30 USD, 2021-10-26}
  Expenses:Financial:Commissions                     8.95 USD

2021-10-26 * "Buy shares of VEA"
  Assets:US:ETrade:Cash                          -1422.39 USD
  Assets:US:ETrade:VEA                                  8 VEA {176.68 USD, 2021-10-26}
  Expenses:Financial:Commissions                     8.95 USD

2021-10-26 * "Buy shares of VHT"
  Assets:US:ETrade:Cash                          -1386.49 USD
  Assets:US:ETrade:VHT                                  9 VHT {153.06 USD, 2021-10-26}
  Expenses:Financial:Commissions                     8.95 USD

2021-11-28 * "Buy shares of ITOT"
  Assets:US:ETrade:Cash                          -3924.43 USD
  Assets:US:ETrade:ITOT                                12 ITOT {326.29 USD, 2021-11-28}
  Expenses:Financial:Commissions                     8.95 USD

2021-12-17 * "Dividends on portfolio"
  Assets:US:ETrade:Cash                            141.77 USD
  Income:US:ETrade:VHT:Dividend                   -141.77 USD

2022-03-18 * "Dividends on portfolio"
  Assets:US:ETrade:Cash                            141.77 USD
  Income:US:ETrade:VEA:Dividend                   -141.77 USD

2022-03-29 * "Sell shares of VHT"
  Assets:US:ETrade:VHT                                -14 VHT {137.93 USD, 2021-01-12} @ 157.37 USD
  Assets:US:ETrade:Cash                           2194.23 USD
  Expenses:Financial:Commissions                     8.95 USD
  Income:US:ETrade:PnL                            -272.16 USD



* Vanguard Investments

2020-01-01 open Assets:US:Vanguard:VBMPX                     VBMPX
  number: "882882"
  asset-type: "INVEST"
2020-01-01 open Assets:US:Vanguard:RGAGX                     RGAGX
  number: "882882"
  asset-type: "INVEST"
2020-01-01 open Assets:US:Vanguard                            USD
  address: "P.O. Box 1110, Valley Forge, PA 19482-1110"
  institution: "Vanguard Group"
  phone: "+1.800.523.1188"
  asset-type: "INVEST"
2020-01-01 open Income:US:Hoogle:Match401k                   USD
2020-01-01 open Assets:US:Vanguard:Cash                       USD
  number: "882882"
  asset-type: "INVEST"

2020-01-03 * "Employer match for contribution"
  Assets:US:Vanguard:Cash                          600.00 USD
  Income:US:Hoogle:Match401k                      -600.00 USD

2020-01-06 * "Investing 40% of cash in VBMPX"
  Assets:US:Vanguard:VBMPX                          4.646 VBMPX {103.31 USD, 2020-01-06}
  Assets:US:Vanguard:Cash                         -479.98 USD

2020-01-06 * "Investing 60% of cash in RGAGX"
  Assets:US:Vanguard:RGAGX                          7.973 RGAGX {90.31 USD, 2020-01-06}
  Assets:US:Vanguard:Cash                         -720.04 USD

2020-01-06 * "Investing 40% of cash in VBMPX"
  Assets:US:Vanguard:VBMPX                          2.323 VBMPX {103.31 USD, 2020-01-06}
  Assets:US:Vanguard:Cash                         -239.99 USD

2020-01-06 * "Investing 60% of cash in RGAGX"
  Assets:US:Vanguard:RGAGX                          3.986 RGAGX {90.31 USD, 2020-01-06}
  Assets:US:Vanguard:Cash                         -359.98 USD

2020-01-17 * "Employer match for contribution"
  Assets:US:Vanguard:Cash                          600.00 USD
  Income:US:Hoogle:Match401k                      -600.00 USD

2020-01-20 * "Investing 40% of cash in VBMPX"
  Assets:US:Vanguard:VBMPX                          4.586 VBMPX {104.66 USD, 2020-01-20}
  Assets:US:Vanguard:Cash                         -479.97 USD

2020-01-20 * "Investing 60% of cash in RGAGX"
  Assets:US:Vanguard:RGAGX                          7.911 RGAGX {91.01 USD, 2020-01-20}
  Assets:US:Vanguard:Cash                         -719.98 USD

2020-01-20 * "Investing 40% of cash in VBMPX"
  Assets:US:Vanguard:VBMPX                          2.293 VBMPX {104.66 USD, 2020-01-20}
  Assets:US:Vanguard:Cash                         -239.99 USD

2020-01-20 * "Investing 60% of cash in RGAGX"
  Assets:US:Vanguard:RGAGX                          3.956 RGAGX {91.01 USD, 2020-01-20}
  Assets:US:Vanguard:Cash                         -360.04 USD

2020-01-31 * "Employer match for contribution"
  Assets:US:Vanguard:Cash                          600.00 USD
  Income:US:Hoogle:Match401k                      -600.00 USD

2020-02-03 * "Investing 40% of cash in VBMPX"
  Assets:US:Vanguard:VBMPX                          4.522 VBMPX {106.16 USD, 2020-02-03}
  Assets:US:Vanguard:Cash                         -480.06 USD

2020-02-03 * "Investing 60% of cash in RGAGX"
  Assets:US:Vanguard:RGAGX                          7.777 RGAGX {92.58 USD, 2020-02-03}
  Assets:US:Vanguard:Cash                         -719.99 USD

2020-02-03 * "Investing 40% of cash in VBMPX"
  Assets:US:Vanguard:VBMPX                          2.261 VBMPX {106.16 USD, 2020-02-03}
  Assets:US:Vanguard:Cash                         -240.03 USD

2020-02-03 * "Investing 60% of cash in RGAGX"
  Assets:US:Vanguard:RGAGX                          3.888 RGAGX {92.58 USD, 2020-02-03}
  Assets:US:Vanguard:Cash                         -359.95 USD

2020-02-14 * "Employer match for contribution"
  Assets:US:Vanguard:Cash                          600.00 USD
  Income:US:Hoogle:Match401k                      -600.00 USD

2020-02-17 * "Investing 40% of cash in VBMPX"
  Assets:US:Vanguard:VBMPX                          4.444 VBMPX {108.00 USD, 2020-02-17}
  Assets:US:Vanguard:Cash                         -479.95 USD

2020-02-17 * "Investing 60% of cash in RGAGX"
  Assets:US:Vanguard:RGAGX                          7.886 RGAGX {91.30 USD, 2020-02-17}
  Assets:US:Vanguard:Cash                         -719.99 USD

2020-02-17 * "Investing 40% of cash in VBMPX"
  Assets:US:Vanguard:VBMPX                          2.222 VBMPX {108.00 USD, 2020-02-17}
  Assets:US:Vanguard:Cash                         -239.98 USD

2020-02-17 * "Investing 60% of cash in RGAGX"
  Assets:US:Vanguard:RGAGX                          3.943 RGAGX {91.30 USD, 2020-02-17}
  Assets:US:Vanguard:Cash                         -360.00 USD

2020-02-28 * "Employer match for contribution"
  Assets:US:Vanguard:Cash                          600.00 USD
  Income:US:Hoogle:Match401k                      -600.00 USD

2020-03-02 * "Investing 40% of cash in VBMPX"
  Assets:US:Vanguard:VBMPX                          4.412 VBMPX {108.80 USD, 2020-03-02}
  Assets:US:Vanguard:Cash                         -480.03 USD

2020-03-02 * "Investing 60% of cash in RGAGX"
  Assets:US:Vanguard:RGAGX                          7.919 RGAGX {90.93 USD, 2020-03-02}
  Assets:US:Vanguard:Cash                         -720.07 USD

2020-03-02 * "Investing 40% of cash in VBMPX"
  Assets:US:Vanguard:VBMPX                          2.206 VBMPX {108.80 USD, 2020-03-02}
  Assets:US:Vanguard:Cash                         -240.01 USD

2020-03-02 * "Investing 60% of cash in RGAGX"
  Assets:US:Vanguard:RGAGX                          3.959 RGAGX {90.93 USD, 2020-03-02}
  Assets:US:Vanguard:Cash                         -359.99 USD

2020-03-13 * "Employer match for contribution"
  Assets:US:Vanguard:Cash                          600.00 USD
  Income:US:Hoogle:Match401k                      -600.00 USD

2020-03-16 * "Investing 40% of cash in VBMPX"
  Assets:US:Vanguard:VBMPX                          4.345 VBMPX {110.46 USD, 2020-03-16}
  Assets:US:Vanguard:Cash                         -479.95 USD

2020-03-16 * "Investing 60% of cash in RGAGX"
  Assets:US:Vanguard:RGAGX                          8.142 RGAGX {88.43 USD, 2020-03-16}
  Assets:US:Vanguard:Cash                         -720.00 USD

2020-03-16 * "Investing 40% of cash in VBMPX"
  Assets:US:Vanguard:VBMPX                          2.173 VBMPX {110.46 USD, 2020-03-16}
  Assets:US:Vanguard:Cash                         -240.03 USD

2020-03-16 * "Investing 60% of cash in RGAGX"
  Assets:US:Vanguard:RGAGX                          4.071 RGAGX {88.43 USD, 2020-03-16}
  Assets:US:Vanguard:Cash                         -360.00 USD

2020-03-27 * "Employer match for contribution"
  Assets:US:Vanguard:Cash                          600.00 USD
  Income:US:Hoogle:Match401k                      -600.00 USD

2020-03-30 * "Investing 40% of cash in VBMPX"
  Assets:US:Vanguard:VBMPX                          4.340 VBMPX {110.60 USD, 2020-03-30}
  Assets:US:Vanguard:Cash                         -480.00 USD

2020-03-30 * "Investing 60% of cash in RGAGX"
  Assets:US:Vanguard:RGAGX                          8.020 RGAGX {89.78 USD, 2020-03-30}
  Assets:US:Vanguard:Cash                         -720.04 USD

2020-03-30 * "Investing 40% of cash in VBMPX"
  Assets:US:Vanguard:VBMPX                          2.170 VBMPX {110.60 USD, 2020-03-30}
  Assets:US:Vanguard:Cash                         -240.00 USD

2020-03-30 * "Investing 60% of cash in RGAGX"
  Assets:US:Vanguard:RGAGX                          4.010 RGAGX {89.78 USD, 2020-03-30}
  Assets:US:Vanguard:Cash                         -360.02 USD

2020-04-10 * "Employer match for contribution"
  Assets:US:Vanguard:Cash                          600.00 USD
  Income:US:Hoogle:Match401k                      -600.00 USD

2020-04-13 * "Investing 40% of cash in VBMPX"
  Assets:US:Vanguard:VBMPX                          4.307 VBMPX {111.45 USD, 2020-04-13}
  Assets:US:Vanguard:Cash                         -480.02 USD

2020-04-13 * "Investing 60% of cash in RGAGX"
  Assets:US:Vanguard:RGAGX                          8.134 RGAGX {88.51 USD, 2020-04-13}
  Assets:US:Vanguard:Cash                         -719.94 USD

2020-04-13 * "Investing 40% of cash in VBMPX"
  Assets:US:Vanguard:VBMPX                          2.153 VBMPX {111.45 USD, 2020-04-13}
  Assets:US:Vanguard:Cash                         -239.95 USD

2020-04-13 * "Investing 60% of cash in RGAGX"
  Assets:US:Vanguard:RGAGX                          4.067 RGAGX {88.51 USD, 2020-04-13}
  Assets:US:Vanguard:Cash                         -359.97 USD

2020-04-24 * "Employer match for contribution"
  Assets:US:Vanguard:Cash                          600.00 USD
  Income:US:Hoogle:Match401k                      -600.00 USD

2020-04-27 * "Investing 40% of cash in VBMPX"
  Assets:US:Vanguard:VBMPX                          4.347 VBMPX {110.43 USD, 2020-04-27}
  Assets:US:Vanguard:Cash                         -480.04 USD

2020-04-27 * "Investing 60% of cash in RGAGX"
  Assets:US:Vanguard:RGAGX                          8.156 RGAGX {88.28 USD, 2020-04-27}
  Assets:US:Vanguard:Cash                         -720.01 USD

2020-04-27 * "Investing 40% of cash in VBMPX"
  Assets:US:Vanguard:VBMPX                          2.173 VBMPX {110.43 USD, 2020-04-27}
  Assets:US:Vanguard:Cash                         -239.96 USD

2020-04-27 * "Investing 60% of cash in RGAGX"
  Assets:US:Vanguard:RGAGX                          4.078 RGAGX {88.28 USD, 2020-04-27}
  Assets:US:Vanguard:Cash                         -360.01 USD

2020-05-08 * "Employer match for contribution"
  Assets:US:Vanguard:Cash                          600.00 USD
  Income:US:Hoogle:Match401k                      -600.00 USD

2020-05-11 * "Investing 40% of cash in VBMPX"
  Assets:US:Vanguard:VBMPX                          4.330 VBMPX {110.86 USD, 2020-05-11}
  Assets:US:Vanguard:Cash                         -480.02 USD

2020-05-11 * "Investing 60% of cash in RGAGX"
  Assets:US:Vanguard:RGAGX                          8.243 RGAGX {87.35 USD, 2020-05-11}
  Assets:US:Vanguard:Cash                         -720.03 USD

2020-05-11 * "Investing 40% of cash in VBMPX"
  Assets:US:Vanguard:VBMPX                          2.165 VBMPX {110.86 USD, 2020-05-11}
  Assets:US:Vanguard:Cash                         -240.01 USD

2020-05-11 * "Investing 60% of cash in RGAGX"
  Assets:US:Vanguard:RGAGX                          4.121 RGAGX {87.35 USD, 2020-05-11}
  Assets:US:Vanguard:Cash                         -359.97 USD

2020-05-22 * "Employer match for contribution"
  Assets:US:Vanguard:Cash                          600.00 USD
  Income:US:Hoogle:Match401k                      -600.00 USD

2020-05-25 * "Investing 40% of cash in VBMPX"
  Assets:US:Vanguard:VBMPX                          4.298 VBMPX {111.68 USD, 2020-05-25}
  Assets:US:Vanguard:Cash                         -480.00 USD

2020-05-25 * "Investing 60% of cash in RGAGX"
  Assets:US:Vanguard:RGAGX                          8.126 RGAGX {88.61 USD, 2020-05-25}
  Assets:US:Vanguard:Cash                         -720.04 USD

2020-05-25 * "Investing 40% of cash in VBMPX"
  Assets:US:Vanguard:VBMPX                          2.149 VBMPX {111.68 USD, 2020-05-25}
  Assets:US:Vanguard:Cash                         -240.00 USD

2020-05-25 * "Investing 60% of cash in RGAGX"
  Assets:US:Vanguard:RGAGX                          4.063 RGAGX {88.61 USD, 2020-05-25}
  Assets:US:Vanguard:Cash                         -360.02 USD

2020-06-05 * "Employer match for contribution"
  Assets:US:Vanguard:Cash                          600.00 USD
  Income:US:Hoogle:Match401k                      -600.00 USD

2020-06-08 * "Investing 40% of cash in VBMPX"
  Assets:US:Vanguard:VBMPX                          4.274 VBMPX {112.29 USD, 2020-06-08}
  Assets:US:Vanguard:Cash                         -479.93 USD

2020-06-08 * "Investing 60% of cash in RGAGX"
  Assets:US:Vanguard:RGAGX                          8.216 RGAGX {87.63 USD, 2020-06-08}
  Assets:US:Vanguard:Cash                         -719.97 USD

2020-06-08 * "Investing 40% of cash in VBMPX"
  Assets:US:Vanguard:VBMPX                          2.138 VBMPX {112.29 USD, 2020-06-08}
  Assets:US:Vanguard:Cash                         -240.08 USD

2020-06-08 * "Investing 60% of cash in RGAGX"
  Assets:US:Vanguard:RGAGX                          4.109 RGAGX {87.63 USD, 2020-06-08}
  Assets:US:Vanguard:Cash                         -360.07 USD

2020-06-19 * "Employer match for contribution"
  Assets:US:Vanguard:Cash                          600.00 USD
  Income:US:Hoogle:Match401k                      -600.00 USD

2020-06-22 * "Investing 40% of cash in VBMPX"
  Assets:US:Vanguard:VBMPX                          4.276 VBMPX {112.25 USD, 2020-06-22}
  Assets:US:Vanguard:Cash                         -479.98 USD

2020-06-22 * "Investing 60% of cash in RGAGX"
  Assets:US:Vanguard:RGAGX                          8.237 RGAGX {87.40 USD, 2020-06-22}
  Assets:US:Vanguard:Cash                         -719.91 USD

2020-06-22 * "Investing 40% of cash in VBMPX"
  Assets:US:Vanguard:VBMPX                          2.138 VBMPX {112.25 USD, 2020-06-22}
  Assets:US:Vanguard:Cash                         -239.99 USD

2020-06-22 * "Investing 60% of cash in RGAGX"
  Assets:US:Vanguard:RGAGX                          4.119 RGAGX {87.40 USD, 2020-06-22}
  Assets:US:Vanguard:Cash                         -360.00 USD

2020-07-03 * "Employer match for contribution"
  Assets:US:Vanguard:Cash                          600.00 USD
  Income:US:Hoogle:Match401k                      -600.00 USD

2020-07-06 * "Investing 40% of cash in VBMPX"
  Assets:US:Vanguard:VBMPX                          4.307 VBMPX {111.44 USD, 2020-07-06}
  Assets:US:Vanguard:Cash                         -479.97 USD

2020-07-06 * "Investing 60% of cash in RGAGX"
  Assets:US:Vanguard:RGAGX                          8.150 RGAGX {88.34 USD, 2020-07-06}
  Assets:US:Vanguard:Cash                         -719.97 USD

2020-07-06 * "Investing 40% of cash in VBMPX"
  Assets:US:Vanguard:VBMPX                          2.154 VBMPX {111.44 USD, 2020-07-06}
  Assets:US:Vanguard:Cash                         -240.04 USD

2020-07-06 * "Investing 60% of cash in RGAGX"
  Assets:US:Vanguard:RGAGX                          4.076 RGAGX {88.34 USD, 2020-07-06}
  Assets:US:Vanguard:Cash                         -360.07 USD

2020-07-17 * "Employer match for contribution"
  Assets:US:Vanguard:Cash                          600.00 USD
  Income:US:Hoogle:Match401k                      -600.00 USD

2020-07-20 * "Investing 40% of cash in VBMPX"
  Assets:US:Vanguard:VBMPX                          4.272 VBMPX {112.35 USD, 2020-07-20}
  Assets:US:Vanguard:Cash                         -479.96 USD

2020-07-20 * "Investing 60% of cash in RGAGX"
  Assets:US:Vanguard:RGAGX                          8.187 RGAGX {87.94 USD, 2020-07-20}
  Assets:US:Vanguard:Cash                         -719.96 USD

2020-07-20 * "Investing 40% of cash in VBMPX"
  Assets:US:Vanguard:VBMPX                          2.136 VBMPX {112.35 USD, 2020-07-20}
  Assets:US:Vanguard:Cash                         -239.98 USD

2020-07-20 * "Investing 60% of cash in RGAGX"
  Assets:US:Vanguard:RGAGX                          4.094 RGAGX {87.94 USD, 2020-07-20}
  Assets:US:Vanguard:Cash                         -360.03 USD

2020-07-31 * "Employer match for contribution"
  Assets:US:Vanguard:Cash                          250.00 USD
  Income:US:Hoogle:Match401k                      -250.00 USD

2020-08-03 * "Investing 40% of cash in VBMPX"
  Assets:US:Vanguard:VBMPX                          1.746 VBMPX {114.54 USD, 2020-08-03}
  Assets:US:Vanguard:Cash                         -199.99 USD

2020-08-03 * "Investing 60% of cash in RGAGX"
  Assets:US:Vanguard:RGAGX                          3.420 RGAGX {87.72 USD, 2020-08-03}
  Assets:US:Vanguard:Cash                         -300.00 USD

2020-08-03 * "Investing 40% of cash in VBMPX"
  Assets:US:Vanguard:VBMPX                          0.873 VBMPX {114.54 USD, 2020-08-03}
  Assets:US:Vanguard:Cash                          -99.99 USD

2020-08-03 * "Investing 60% of cash in RGAGX"
  Assets:US:Vanguard:RGAGX                          1.710 RGAGX {87.72 USD, 2020-08-03}
  Assets:US:Vanguard:Cash                         -150.00 USD

2021-01-15 * "Employer match for contribution"
  Assets:US:Vanguard:Cash                          600.00 USD
  Income:US:Hoogle:Match401k                      -600.00 USD

2021-01-18 * "Investing 40% of cash in VBMPX"
  Assets:US:Vanguard:VBMPX                          4.096 VBMPX {117.19 USD, 2021-01-18}
  Assets:US:Vanguard:Cash                         -480.01 USD

2021-01-18 * "Investing 60% of cash in RGAGX"
  Assets:US:Vanguard:RGAGX                          7.575 RGAGX {95.05 USD, 2021-01-18}
  Assets:US:Vanguard:Cash                         -720.00 USD

2021-01-18 * "Investing 40% of cash in VBMPX"
  Assets:US:Vanguard:VBMPX                          2.048 VBMPX {117.19 USD, 2021-01-18}
  Assets:US:Vanguard:Cash                         -240.01 USD

2021-01-18 * "Investing 60% of cash in RGAGX"
  Assets:US:Vanguard:RGAGX                          3.788 RGAGX {95.05 USD, 2021-01-18}
  Assets:US:Vanguard:Cash                         -360.05 USD

2021-01-29 * "Employer match for contribution"
  Assets:US:Vanguard:Cash                          600.00 USD
  Income:US:Hoogle:Match401k                      -600.00 USD

2021-02-01 * "Investing 40% of cash in VBMPX"
  Assets:US:Vanguard:VBMPX                          4.014 VBMPX {119.57 USD, 2021-02-01}
  Assets:US:Vanguard:Cash                         -479.95 USD

2021-02-01 * "Investing 60% of cash in RGAGX"
  Assets:US:Vanguard:RGAGX                          7.655 RGAGX {94.06 USD, 2021-02-01}
  Assets:US:Vanguard:Cash                         -720.03 USD

2021-02-01 * "Investing 40% of cash in VBMPX"
  Assets:US:Vanguard:VBMPX                          2.007 VBMPX {119.57 USD, 2021-02-01}
  Assets:US:Vanguard:Cash                         -239.98 USD

2021-02-01 * "Investing 60% of cash in RGAGX"
  Assets:US:Vanguard:RGAGX                          3.827 RGAGX {94.06 USD, 2021-02-01}
  Assets:US:Vanguard:Cash                         -359.97 USD

2021-02-12 * "Employer match for contribution"
  Assets:US:Vanguard:Cash                          600.00 USD
  Income:US:Hoogle:Match401k                      -600.00 USD

2021-02-15 * "Investing 40% of cash in VBMPX"
  Assets:US:Vanguard:VBMPX                          3.966 VBMPX {121.02 USD, 2021-02-15}
  Assets:US:Vanguard:Cash                         -479.97 USD

2021-02-15 * "Investing 60% of cash in RGAGX"
  Assets:US:Vanguard:RGAGX                          7.715 RGAGX {93.33 USD, 2021-02-15}
  Assets:US:Vanguard:Cash                         -720.04 USD

2021-02-15 * "Investing 40% of cash in VBMPX"
  Assets:US:Vanguard:VBMPX                          1.983 VBMPX {121.02 USD, 2021-02-15}
  Assets:US:Vanguard:Cash                         -239.98 USD

2021-02-15 * "Investing 60% of cash in RGAGX"
  Assets:US:Vanguard:RGAGX                          3.858 RGAGX {93.33 USD, 2021-02-15}
  Assets:US:Vanguard:Cash                         -360.07 USD

2021-02-26 * "Employer match for contribution"
  Assets:US:Vanguard:Cash                          600.00 USD
  Income:US:Hoogle:Match401k                      -600.00 USD

2021-03-01 * "Investing 40% of cash in VBMPX"
  Assets:US:Vanguard:VBMPX                          3.919 VBMPX {122.49 USD, 2021-03-01}
  Assets:US:Vanguard:Cash                         -480.04 USD

2021-03-01 * "Investing 60% of cash in RGAGX"
  Assets:US:Vanguard:RGAGX                          7.710 RGAGX {93.38 USD, 2021-03-01}
  Assets:US:Vanguard:Cash                         -719.96 USD

2021-03-01 * "Investing 40% of cash in VBMPX"
  Assets:US:Vanguard:VBMPX                          1.959 VBMPX {122.49 USD, 2021-03-01}
  Assets:US:Vanguard:Cash                         -239.96 USD

2021-03-01 * "Investing 60% of cash in RGAGX"
  Assets:US:Vanguard:RGAGX                          3.855 RGAGX {93.38 USD, 2021-03-01}
  Assets:US:Vanguard:Cash                         -359.98 USD

2021-03-12 * "Employer match for contribution"
  Assets:US:Vanguard:Cash                          600.00 USD
  Income:US:Hoogle:Match401k                      -600.00 USD

2021-03-15 * "Investing 40% of cash in VBMPX"
  Assets:US:Vanguard:VBMPX                          3.883 VBMPX {123.62 USD, 2021-03-15}
  Assets:US:Vanguard:Cash                         -480.02 USD

2021-03-15 * "Investing 60% of cash in RGAGX"
  Assets:US:Vanguard:RGAGX                          7.677 RGAGX {93.79 USD, 2021-03-15}
  Assets:US:Vanguard:Cash                         -720.03 USD

2021-03-15 * "Investing 40% of cash in VBMPX"
  Assets:US:Vanguard:VBMPX                          1.941 VBMPX {123.62 USD, 2021-03-15}
  Assets:US:Vanguard:Cash                         -239.95 USD

2021-03-15 * "Investing 60% of cash in RGAGX"
  Assets:US:Vanguard:RGAGX                          3.838 RGAGX {93.79 USD, 2021-03-15}
  Assets:US:Vanguard:Cash                         -359.97 USD

2021-03-26 * "Employer match for contribution"
  Assets:US:Vanguard:Cash                          600.00 USD
  Income:US:Hoogle:Match401k                      -600.00 USD

2021-03-29 * "Investing 40% of cash in VBMPX"
  Assets:US:Vanguard:VBMPX                          3.868 VBMPX {124.10 USD, 2021-03-29}
  Assets:US:Vanguard:Cash                         -480.02 USD

2021-03-29 * "Investing 60% of cash in RGAGX"
  Assets:US:Vanguard:RGAGX                          7.577 RGAGX {95.03 USD, 2021-03-29}
  Assets:US:Vanguard:Cash                         -720.04 USD

2021-03-29 * "Investing 40% of cash in VBMPX"
  Assets:US:Vanguard:VBMPX                          1.934 VBMPX {124.10 USD, 2021-03-29}
  Assets:US:Vanguard:Cash                         -240.01 USD

2021-03-29 * "Investing 60% of cash in RGAGX"
  Assets:US:Vanguard:RGAGX                          3.788 RGAGX {95.03 USD, 2021-03-29}
  Assets:US:Vanguard:Cash                         -359.97 USD

2021-04-09 * "Employer match for contribution"
  Assets:US:Vanguard:Cash                          600.00 USD
  Income:US:Hoogle:Match401k                      -600.00 USD

2021-04-12 * "Investing 40% of cash in VBMPX"
  Assets:US:Vanguard:VBMPX                          3.835 VBMPX {125.17 USD, 2021-04-12}
  Assets:US:Vanguard:Cash                         -480.03 USD

2021-04-12 * "Investing 60% of cash in RGAGX"
  Assets:US:Vanguard:RGAGX                          7.588 RGAGX {94.89 USD, 2021-04-12}
  Assets:US:Vanguard:Cash                         -720.03 USD

2021-04-12 * "Investing 40% of cash in VBMPX"
  Assets:US:Vanguard:VBMPX                          1.917 VBMPX {125.17 USD, 2021-04-12}
  Assets:US:Vanguard:Cash                         -239.95 USD

2021-04-12 * "Investing 60% of cash in RGAGX"
  Assets:US:Vanguard:RGAGX                          3.794 RGAGX {94.89 USD, 2021-04-12}
  Assets:US:Vanguard:Cash                         -360.01 USD

2021-04-23 * "Employer match for contribution"
  Assets:US:Vanguard:Cash                          600.00 USD
  Income:US:Hoogle:Match401k                      -600.00 USD

2021-04-26 * "Investing 40% of cash in VBMPX"
  Assets:US:Vanguard:VBMPX                          3.804 VBMPX {126.20 USD, 2021-04-26}
  Assets:US:Vanguard:Cash                         -480.06 USD

2021-04-26 * "Investing 60% of cash in RGAGX"
  Assets:US:Vanguard:RGAGX                          7.566 RGAGX {95.17 USD, 2021-04-26}
  Assets:US:Vanguard:Cash                         -720.06 USD

2021-04-26 * "Investing 40% of cash in VBMPX"
  Assets:US:Vanguard:VBMPX                          1.901 VBMPX {126.20 USD, 2021-04-26}
  Assets:US:Vanguard:Cash                         -239.91 USD

2021-04-26 * "Investing 60% of cash in RGAGX"
  Assets:US:Vanguard:RGAGX                          3.782 RGAGX {95.17 USD, 2021-04-26}
  Assets:US:Vanguard:Cash                         -359.93 USD

2021-05-07 * "Employer match for contribution"
  Assets:US:Vanguard:Cash                          600.00 USD
  Income:US:Hoogle:Match401k                      -600.00 USD

2021-05-10 * "Investing 40% of cash in VBMPX"
  Assets:US:Vanguard:VBMPX                          3.847 VBMPX {124.79 USD, 2021-05-10}
  Assets:US:Vanguard:Cash                         -480.07 USD

2021-05-10 * "Investing 60% of cash in RGAGX"
  Assets:US:Vanguard:RGAGX                          7.522 RGAGX {95.73 USD, 2021-05-10}
  Assets:US:Vanguard:Cash                         -720.08 USD

2021-05-10 * "Investing 40% of cash in VBMPX"
  Assets:US:Vanguard:VBMPX                          1.923 VBMPX {124.79 USD, 2021-05-10}
  Assets:US:Vanguard:Cash                         -239.97 USD

2021-05-10 * "Investing 60% of cash in RGAGX"
  Assets:US:Vanguard:RGAGX                          3.760 RGAGX {95.73 USD, 2021-05-10}
  Assets:US:Vanguard:Cash                         -359.94 USD

2021-05-21 * "Employer match for contribution"
  Assets:US:Vanguard:Cash                          600.00 USD
  Income:US:Hoogle:Match401k                      -600.00 USD

2021-05-24 * "Investing 40% of cash in VBMPX"
  Assets:US:Vanguard:VBMPX                          3.830 VBMPX {125.33 USD, 2021-05-24}
  Assets:US:Vanguard:Cash                         -480.01 USD

2021-05-24 * "Investing 60% of cash in RGAGX"
  Assets:US:Vanguard:RGAGX                          7.604 RGAGX {94.69 USD, 2021-05-24}
  Assets:US:Vanguard:Cash                         -720.02 USD

2021-05-24 * "Investing 40% of cash in VBMPX"
  Assets:US:Vanguard:VBMPX                          1.915 VBMPX {125.33 USD, 2021-05-24}
  Assets:US:Vanguard:Cash                         -240.01 USD

2021-05-24 * "Investing 60% of cash in RGAGX"
  Assets:US:Vanguard:RGAGX                          3.802 RGAGX {94.69 USD, 2021-05-24}
  Assets:US:Vanguard:Cash                         -360.01 USD

2021-06-04 * "Employer match for contribution"
  Assets:US:Vanguard:Cash                          600.00 USD
  Income:US:Hoogle:Match401k                      -600.00 USD

2021-06-07 * "Investing 40% of cash in VBMPX"
  Assets:US:Vanguard:VBMPX                          3.837 VBMPX {125.10 USD, 2021-06-07}
  Assets:US:Vanguard:Cash                         -480.01 USD

2021-06-07 * "Investing 60% of cash in RGAGX"
  Assets:US:Vanguard:RGAGX                          7.583 RGAGX {94.94 USD, 2021-06-07}
  Assets:US:Vanguard:Cash                         -719.93 USD

2021-06-07 * "Investing 40% of cash in VBMPX"
  Assets:US:Vanguard:VBMPX                          1.919 VBMPX {125.10 USD, 2021-06-07}
  Assets:US:Vanguard:Cash                         -240.07 USD

2021-06-07 * "Investing 60% of cash in RGAGX"
  Assets:US:Vanguard:RGAGX                          3.792 RGAGX {94.94 USD, 2021-06-07}
  Assets:US:Vanguard:Cash                         -360.01 USD

2021-06-18 * "Employer match for contribution"
  Assets:US:Vanguard:Cash                          600.00 USD
  Income:US:Hoogle:Match401k                      -600.00 USD

2021-06-21 * "Investing 40% of cash in VBMPX"
  Assets:US:Vanguard:VBMPX                          3.878 VBMPX {123.76 USD, 2021-06-21}
  Assets:US:Vanguard:Cash                         -479.94 USD

2021-06-21 * "Investing 60% of cash in RGAGX"
  Assets:US:Vanguard:RGAGX                          7.599 RGAGX {94.75 USD, 2021-06-21}
  Assets:US:Vanguard:Cash                         -720.01 USD

2021-06-21 * "Investing 40% of cash in VBMPX"
  Assets:US:Vanguard:VBMPX                          1.939 VBMPX {123.76 USD, 2021-06-21}
  Assets:US:Vanguard:Cash                         -239.97 USD

2021-06-21 * "Investing 60% of cash in RGAGX"
  Assets:US:Vanguard:RGAGX                          3.799 RGAGX {94.75 USD, 2021-06-21}
  Assets:US:Vanguard:Cash                         -359.96 USD

2021-07-02 * "Employer match for contribution"
  Assets:US:Vanguard:Cash                          600.00 USD
  Income:US:Hoogle:Match401k                      -600.00 USD

2021-07-05 * "Investing 40% of cash in VBMPX"
  Assets:US:Vanguard:VBMPX                          3.880 VBMPX {123.72 USD, 2021-07-05}
  Assets:US:Vanguard:Cash                         -480.03 USD

2021-07-05 * "Investing 60% of cash in RGAGX"
  Assets:US:Vanguard:RGAGX                          7.599 RGAGX {94.75 USD, 2021-07-05}
  Assets:US:Vanguard:Cash                         -720.01 USD

2021-07-05 * "Investing 40% of cash in VBMPX"
  Assets:US:Vanguard:VBMPX                          1.940 VBMPX {123.72 USD, 2021-07-05}
  Assets:US:Vanguard:Cash                         -240.02 USD

2021-07-05 * "Investing 60% of cash in RGAGX"
  Assets:US:Vanguard:RGAGX                          3.800 RGAGX {94.75 USD, 2021-07-05}
  Assets:US:Vanguard:Cash                         -360.05 USD

2021-07-16 * "Employer match for contribution"
  Assets:US:Vanguard:Cash                          600.00 USD
  Income:US:Hoogle:Match401k                      -600.00 USD

2021-07-19 * "Investing 40% of cash in VBMPX"
  Assets:US:Vanguard:VBMPX                          3.861 VBMPX {124.33 USD, 2021-07-19}
  Assets:US:Vanguard:Cash                         -480.04 USD

2021-07-19 * "Investing 60% of cash in RGAGX"
  Assets:US:Vanguard:RGAGX                          7.538 RGAGX {95.51 USD, 2021-07-19}
  Assets:US:Vanguard:Cash                         -719.95 USD

2021-07-19 * "Investing 40% of cash in VBMPX"
  Assets:US:Vanguard:VBMPX                          1.930 VBMPX {124.33 USD, 2021-07-19}
  Assets:US:Vanguard:Cash                         -239.96 USD

2021-07-19 * "Investing 60% of cash in RGAGX"
  Assets:US:Vanguard:RGAGX                          3.769 RGAGX {95.51 USD, 2021-07-19}
  Assets:US:Vanguard:Cash                         -359.98 USD

2021-07-30 * "Employer match for contribution"
  Assets:US:Vanguard:Cash                          600.00 USD
  Income:US:Hoogle:Match401k                      -600.00 USD

2021-08-02 * "Investing 40% of cash in VBMPX"
  Assets:US:Vanguard:VBMPX                          3.874 VBMPX {123.91 USD, 2021-08-02}
  Assets:US:Vanguard:Cash                         -480.03 USD

2021-08-02 * "Investing 60% of cash in RGAGX"
  Assets:US:Vanguard:RGAGX                          7.528 RGAGX {95.64 USD, 2021-08-02}
  Assets:US:Vanguard:Cash                         -719.98 USD

2021-08-02 * "Investing 40% of cash in VBMPX"
  Assets:US:Vanguard:VBMPX                          1.937 VBMPX {123.91 USD, 2021-08-02}
  Assets:US:Vanguard:Cash                         -240.01 USD

2021-08-02 * "Investing 60% of cash in RGAGX"
  Assets:US:Vanguard:RGAGX                          3.764 RGAGX {95.64 USD, 2021-08-02}
  Assets:US:Vanguard:Cash                         -359.99 USD

2021-08-13 * "Employer match for contribution"
  Assets:US:Vanguard:Cash                          250.00 USD
  Income:US:Hoogle:Match401k                      -250.00 USD

2021-08-16 * "Investing 40% of cash in VBMPX"
  Assets:US:Vanguard:VBMPX                          1.607 VBMPX {124.45 USD, 2021-08-16}
  Assets:US:Vanguard:Cash                         -199.99 USD

2021-08-16 * "Investing 60% of cash in RGAGX"
  Assets:US:Vanguard:RGAGX                          3.166 RGAGX {94.76 USD, 2021-08-16}
  Assets:US:Vanguard:Cash                         -300.01 USD

2021-08-16 * "Investing 40% of cash in VBMPX"
  Assets:US:Vanguard:VBMPX                          0.804 VBMPX {124.45 USD, 2021-08-16}
  Assets:US:Vanguard:Cash                         -100.06 USD

2021-08-16 * "Investing 60% of cash in RGAGX"
  Assets:US:Vanguard:RGAGX                          1.583 RGAGX {94.76 USD, 2021-08-16}
  Assets:US:Vanguard:Cash                         -150.01 USD

2022-01-14 * "Employer match for contribution"
  Assets:US:Vanguard:Cash                          600.00 USD
  Income:US:Hoogle:Match401k                      -600.00 USD

2022-01-17 * "Investing 40% of cash in VBMPX"
  Assets:US:Vanguard:VBMPX                          3.796 VBMPX {126.43 USD, 2022-01-17}
  Assets:US:Vanguard:Cash                         -479.93 USD

2022-01-17 * "Investing 60% of cash in RGAGX"
  Assets:US:Vanguard:RGAGX                          7.465 RGAGX {96.44 USD, 2022-01-17}
  Assets:US:Vanguard:Cash                         -719.92 USD

2022-01-17 * "Investing 40% of cash in VBMPX"
  Assets:US:Vanguard:VBMPX                          1.899 VBMPX {126.43 USD, 2022-01-17}
  Assets:US:Vanguard:Cash                         -240.09 USD

2022-01-17 * "Investing 60% of cash in RGAGX"
  Assets:US:Vanguard:RGAGX                          3.733 RGAGX {96.44 USD, 2022-01-17}
  Assets:US:Vanguard:Cash                         -360.01 USD

2022-01-28 * "Employer match for contribution"
  Assets:US:Vanguard:Cash                          600.00 USD
  Income:US:Hoogle:Match401k                      -600.00 USD

2022-01-31 * "Investing 40% of cash in VBMPX"
  Assets:US:Vanguard:VBMPX                          3.797 VBMPX {126.43 USD, 2022-01-31}
  Assets:US:Vanguard:Cash                         -480.05 USD

2022-01-31 * "Investing 60% of cash in RGAGX"
  Assets:US:Vanguard:RGAGX                          7.419 RGAGX {97.05 USD, 2022-01-31}
  Assets:US:Vanguard:Cash                         -720.01 USD

2022-01-31 * "Investing 40% of cash in VBMPX"
  Assets:US:Vanguard:VBMPX                          1.898 VBMPX {126.43 USD, 2022-01-31}
  Assets:US:Vanguard:Cash                         -239.96 USD

2022-01-31 * "Investing 60% of cash in RGAGX"
  Assets:US:Vanguard:RGAGX                          3.709 RGAGX {97.05 USD, 2022-01-31}
  Assets:US:Vanguard:Cash                         -359.96 USD

2022-02-11 * "Employer match for contribution"
  Assets:US:Vanguard:Cash                          600.00 USD
  Income:US:Hoogle:Match401k                      -600.00 USD

2022-02-14 * "Investing 40% of cash in VBMPX"
  Assets:US:Vanguard:VBMPX                          3.769 VBMPX {127.36 USD, 2022-02-14}
  Assets:US:Vanguard:Cash                         -480.02 USD

2022-02-14 * "Investing 60% of cash in RGAGX"
  Assets:US:Vanguard:RGAGX                          7.381 RGAGX {97.55 USD, 2022-02-14}
  Assets:US:Vanguard:Cash                         -720.02 USD

2022-02-14 * "Investing 40% of cash in VBMPX"
  Assets:US:Vanguard:VBMPX                          1.884 VBMPX {127.36 USD, 2022-02-14}
  Assets:US:Vanguard:Cash                         -239.95 USD

2022-02-14 * "Investing 60% of cash in RGAGX"
  Assets:US:Vanguard:RGAGX                          3.690 RGAGX {97.55 USD, 2022-02-14}
  Assets:US:Vanguard:Cash                         -359.96 USD

2022-02-25 * "Employer match for contribution"
  Assets:US:Vanguard:Cash                          600.00 USD
  Income:US:Hoogle:Match401k                      -600.00 USD

2022-02-28 * "Investing 40% of cash in VBMPX"
  Assets:US:Vanguard:VBMPX                          3.857 VBMPX {124.45 USD, 2022-02-28}
  Assets:US:Vanguard:Cash                         -480.00 USD

2022-02-28 * "Investing 60% of cash in RGAGX"
  Assets:US:Vanguard:RGAGX                          7.272 RGAGX {99.01 USD, 2022-02-28}
  Assets:US:Vanguard:Cash                         -720.00 USD

2022-02-28 * "Investing 40% of cash in VBMPX"
  Assets:US:Vanguard:VBMPX                          1.929 VBMPX {124.45 USD, 2022-02-28}
  Assets:US:Vanguard:Cash                         -240.06 USD

2022-02-28 * "Investing 60% of cash in RGAGX"
  Assets:US:Vanguard:RGAGX                          3.636 RGAGX {99.01 USD, 2022-02-28}
  Assets:US:Vanguard:Cash                         -360.00 USD

2022-03-11 * "Employer match for contribution"
  Assets:US:Vanguard:Cash                          600.00 USD
  Income:US:Hoogle:Match401k                      -600.00 USD

2022-03-14 * "Investing 40% of cash in VBMPX"
  Assets:US:Vanguard:VBMPX                          3.846 VBMPX {124.81 USD, 2022-03-14}
  Assets:US:Vanguard:Cash                         -480.02 USD

2022-03-14 * "Investing 60% of cash in RGAGX"
  Assets:US:Vanguard:RGAGX                          7.322 RGAGX {98.33 USD, 2022-03-14}
  Assets:US:Vanguard:Cash                         -719.97 USD

2022-03-14 * "Investing 40% of cash in VBMPX"
  Assets:US:Vanguard:VBMPX                          1.923 VBMPX {124.81 USD, 2022-03-14}
  Assets:US:Vanguard:Cash                         -240.01 USD

2022-03-14 * "Investing 60% of cash in RGAGX"
  Assets:US:Vanguard:RGAGX                          3.661 RGAGX {98.33 USD, 2022-03-14}
  Assets:US:Vanguard:Cash                         -359.99 USD

2022-03-25 * "Employer match for contribution"
  Assets:US:Vanguard:Cash                          600.00 USD
  Income:US:Hoogle:Match401k                      -600.00 USD

2022-03-28 * "Investing 40% of cash in VBMPX"
  Assets:US:Vanguard:VBMPX                          3.821 VBMPX {125.61 USD, 2022-03-28}
  Assets:US:Vanguard:Cash                         -479.96 USD

2022-03-28 * "Investing 60% of cash in RGAGX"
  Assets:US:Vanguard:RGAGX                          7.313 RGAGX {98.45 USD, 2022-03-28}
  Assets:US:Vanguard:Cash                         -719.96 USD

2022-03-28 * "Investing 40% of cash in VBMPX"
  Assets:US:Vanguard:VBMPX                          1.911 VBMPX {125.61 USD, 2022-03-28}
  Assets:US:Vanguard:Cash                         -240.04 USD

2022-03-28 * "Investing 60% of cash in RGAGX"
  Assets:US:Vanguard:RGAGX                          3.657 RGAGX {98.45 USD, 2022-03-28}
  Assets:US:Vanguard:Cash                         -360.03 USD

2022-04-08 * "Employer match for contribution"
  Assets:US:Vanguard:Cash                          600.00 USD
  Income:US:Hoogle:Match401k                      -600.00 USD

2022-04-11 * "Investing 40% of cash in VBMPX"
  Assets:US:Vanguard:VBMPX                          3.778 VBMPX {127.05 USD, 2022-04-11}
  Assets:US:Vanguard:Cash                         -479.99 USD

2022-04-11 * "Investing 60% of cash in RGAGX"
  Assets:US:Vanguard:RGAGX                          7.370 RGAGX {97.70 USD, 2022-04-11}
  Assets:US:Vanguard:Cash                         -720.05 USD

2022-04-11 * "Investing 40% of cash in VBMPX"
  Assets:US:Vanguard:VBMPX                          1.889 VBMPX {127.05 USD, 2022-04-11}
  Assets:US:Vanguard:Cash                         -240.00 USD

2022-04-11 * "Investing 60% of cash in RGAGX"
  Assets:US:Vanguard:RGAGX                          3.685 RGAGX {97.70 USD, 2022-04-11}
  Assets:US:Vanguard:Cash                         -360.02 USD

2022-04-22 * "Employer match for contribution"
  Assets:US:Vanguard:Cash                          600.00 USD
  Income:US:Hoogle:Match401k                      -600.00 USD

2022-04-25 * "Investing 40% of cash in VBMPX"
  Assets:US:Vanguard:VBMPX                          3.749 VBMPX {128.04 USD, 2022-04-25}
  Assets:US:Vanguard:Cash                         -480.02 USD

2022-04-25 * "Investing 60% of cash in RGAGX"
  Assets:US:Vanguard:RGAGX                          7.312 RGAGX {98.47 USD, 2022-04-25}
  Assets:US:Vanguard:Cash                         -720.01 USD

2022-04-25 * "Investing 40% of cash in VBMPX"
  Assets:US:Vanguard:VBMPX                          1.874 VBMPX {128.04 USD, 2022-04-25}
  Assets:US:Vanguard:Cash                         -239.95 USD

2022-04-25 * "Investing 60% of cash in RGAGX"
  Assets:US:Vanguard:RGAGX                          3.656 RGAGX {98.47 USD, 2022-04-25}
  Assets:US:Vanguard:Cash                         -360.01 USD



* Sources of Income

2020-01-01 open Income:US:Hoogle:Salary                      USD
2020-01-01 open Income:US:Hoogle:GroupTermLife               USD
2020-01-01 open Income:US:Hoogle:Vacation                    VACHR
2020-01-01 open Assets:US:Hoogle:Vacation                    VACHR
2020-01-01 open Expenses:Vacation                               VACHR
2020-01-01 open Expenses:Health:Life:GroupTermLife
2020-01-01 open Expenses:Health:Medical:Insurance
2020-01-01 open Expenses:Health:Dental:Insurance
2020-01-01 open Expenses:Health:Vision:Insurance

2020-01-01 event "employer" "Hoogle, 1600 Amphibious Parkway, River View, CA"

2020-01-02 * "Hoogle" "Payroll"
  Assets:US:BofA:Checking                         1350.60 USD
  Assets:US:Vanguard:Cash                         1200.00 USD
  Income:US:Hoogle:Salary                        -4615.38 USD
  Income:US:Hoogle:GroupTermLife                   -24.32 USD
  Expenses:Health:Life:GroupTermLife                24.32 USD
  Expenses:Health:Dental:Insurance                   2.90 USD
  Expenses:Health:Medical:Insurance                 27.38 USD
  Expenses:Health:Vision:Insurance                  42.30 USD
  Expenses:Taxes:Y2020:US:Medicare                 106.62 USD
  Expenses:Taxes:Y2020:US:Federal                 1062.92 USD
  Expenses:Taxes:Y2020:US:State                    365.08 USD
  Expenses:Taxes:Y2020:US:CityNYC                  174.92 USD
  Expenses:Taxes:Y2020:US:SDI                        1.12 USD
  Expenses:Taxes:Y2020:US:SocSec                   281.54 USD
  Assets:US:Federal:PreTax401k                   -1200.00 IRAUSD
  Expenses:Taxes:Y2020:US:Federal:PreTax401k      1200.00 IRAUSD
  Assets:US:Hoogle:Vacation                             5 VACHR
  Income:US:Hoogle:Vacation                            -5 VACHR

2020-01-16 * "Hoogle" "Payroll"
  Assets:US:BofA:Checking                         1350.60 USD
  Assets:US:Vanguard:Cash                         1200.00 USD
  Income:US:Hoogle:Salary                        -4615.38 USD
  Income:US:Hoogle:GroupTermLife                   -24.32 USD
  Expenses:Health:Life:GroupTermLife                24.32 USD
  Expenses:Health:Dental:Insurance                   2.90 USD
  Expenses:Health:Medical:Insurance                 27.38 USD
  Expenses:Health:Vision:Insurance                  42.30 USD
  Expenses:Taxes:Y2020:US:Medicare                 106.62 USD
  Expenses:Taxes:Y2020:US:Federal                 1062.92 USD
  Expenses:Taxes:Y2020:US:State                    365.08 USD
  Expenses:Taxes:Y2020:US:CityNYC                  174.92 USD
  Expenses:Taxes:Y2020:US:SDI                        1.12 USD
  Expenses:Taxes:Y2020:US:SocSec                   281.54 USD
  Assets:US:Federal:PreTax401k                   -1200.00 IRAUSD
  Expenses:Taxes:Y2020:US:Federal:PreTax401k      1200.00 IRAUSD
  Assets:US:Hoogle:Vacation                             5 VACHR
  Income:US:Hoogle:Vacation                            -5 VACHR

2020-01-30 * "Hoogle" "Payroll"
  Assets:US:BofA:Checking                         1350.60 USD
  Assets:US:Vanguard:Cash                         1200.00 USD
  Income:US:Hoogle:Salary                        -4615.38 USD
  Income:US:Hoogle:GroupTermLife                   -24.32 USD
  Expenses:Health:Life:GroupTermLife                24.32 USD
  Expenses:Health:Dental:Insurance                   2.90 USD
  Expenses:Health:Medical:Insurance                 27.38 USD
  Expenses:Health:Vision:Insurance                  42.30 USD
  Expenses:Taxes:Y2020:US:Medicare                 106.62 USD
  Expenses:Taxes:Y2020:US:Federal                 1062.92 USD
  Expenses:Taxes:Y2020:US:State                    365.08 USD
  Expenses:Taxes:Y2020:US:CityNYC                  174.92 USD
  Expenses:Taxes:Y2020:US:SDI                        1.12 USD
  Expenses:Taxes:Y2020:US:SocSec                   281.54 USD
  Assets:US:Federal:PreTax401k                   -1200.00 IRAUSD
  Expenses:Taxes:Y2020:US:Federal:PreTax401k      1200.00 IRAUSD
  Assets:US:Hoogle:Vacation                             5 VACHR
  Income:US:Hoogle:Vacation                            -5 VACHR

2020-02-13 * "Hoogle" "Payroll"
  Assets:US:BofA:Checking                         1350.60 USD
  Assets:US:Vanguard:Cash                         1200.00 USD
  Income:US:Hoogle:Salary                        -4615.38 USD
  Income:US:Hoogle:GroupTermLife                   -24.32 USD
  Expenses:Health:Life:GroupTermLife                24.32 USD
  Expenses:Health:Dental:Insurance                   2.90 USD
  Expenses:Health:Medical:Insurance                 27.38 USD
  Expenses:Health:Vision:Insurance                  42.30 USD
  Expenses:Taxes:Y2020:US:Medicare                 106.62 USD
  Expenses:Taxes:Y2020:US:Federal                 1062.92 USD
  Expenses:Taxes:Y2020:US:State                    365.08 USD
  Expenses:Taxes:Y2020:US:CityNYC                  174.92 USD
  Expenses:Taxes:Y2020:US:SDI                        1.12 USD
  Expenses:Taxes:Y2020:US:SocSec                   281.54 USD
  Assets:US:Federal:PreTax401k                   -1200.00 IRAUSD
  Expenses:Taxes:Y2020:US:Federal:PreTax401k      1200.00 IRAUSD
  Assets:US:Hoogle:Vacation                             5 VACHR
  Income:US:Hoogle:Vacation                            -5 VACHR

2020-02-27 * "Hoogle" "Payroll"
  Assets:US:BofA:Checking                         1350.60 USD
  Assets:US:Vanguard:Cash                         1200.00 USD
  Income:US:Hoogle:Salary                        -4615.38 USD
  Income:US:Hoogle:GroupTermLife                   -24.32 USD
  Expenses:Health:Life:GroupTermLife                24.32 USD
  Expenses:Health:Dental:Insurance                   2.90 USD
  Expenses:Health:Medical:Insurance                 27.38 USD
  Expenses:Health:Vision:Insurance                  42.30 USD
  Expenses:Taxes:Y2020:US:Medicare                 106.62 USD
  Expenses:Taxes:Y2020:US:Federal                 1062.92 USD
  Expenses:Taxes:Y2020:US:State                    365.08 USD
  Expenses:Taxes:Y2020:US:CityNYC                  174.92 USD
  Expenses:Taxes:Y2020:US:SDI                        1.12 USD
  Expenses:Taxes:Y2020:US:SocSec                   281.54 USD
  Assets:US:Federal:PreTax401k                   -1200.00 IRAUSD
  Expenses:Taxes:Y2020:US:Federal:PreTax401k      1200.00 IRAUSD
  Assets:US:Hoogle:Vacation                             5 VACHR
  Income:US:Hoogle:Vacation                            -5 VACHR

2020-03-12 * "Hoogle" "Payroll"
  Assets:US:BofA:Checking                         1350.60 USD
  Assets:US:Vanguard:Cash                         1200.00 USD
  Income:US:Hoogle:Salary                        -4615.38 USD
  Income:US:Hoogle:GroupTermLife                   -24.32 USD
  Expenses:Health:Life:GroupTermLife                24.32 USD
  Expenses:Health:Dental:Insurance                   2.90 USD
  Expenses:Health:Medical:Insurance                 27.38 USD
  Expenses:Health:Vision:Insurance                  42.30 USD
  Expenses:Taxes:Y2020:US:Medicare                 106.62 USD
  Expenses:Taxes:Y2020:US:Federal                 1062.92 USD
  Expenses:Taxes:Y2020:US:State                    365.08 USD
  Expenses:Taxes:Y2020:US:CityNYC                  174.92 USD
  Expenses:Taxes:Y2020:US:SDI                        1.12 USD
  Expenses:Taxes:Y2020:US:SocSec                   281.54 USD
  Assets:US:Federal:PreTax401k                   -1200.00 IRAUSD
  Expenses:Taxes:Y2020:US:Federal:PreTax401k      1200.00 IRAUSD
  Assets:US:Hoogle:Vacation                             5 VACHR
  Income:US:Hoogle:Vacation                            -5 VACHR

2020-03-26 * "Hoogle" "Payroll"
  Assets:US:BofA:Checking                         1350.60 USD
  Assets:US:Vanguard:Cash                         1200.00 USD
  Income:US:Hoogle:Salary                        -4615.38 USD
  Income:US:Hoogle:GroupTermLife                   -24.32 USD
  Expenses:Health:Life:GroupTermLife                24.32 USD
  Expenses:Health:Dental:Insurance                   2.90 USD
  Expenses:Health:Medical:Insurance                 27.38 USD
  Expenses:Health:Vision:Insurance                  42.30 USD
  Expenses:Taxes:Y2020:US:Medicare                 106.62 USD
  Expenses:Taxes:Y2020:US:Federal                 1062.92 USD
  Expenses:Taxes:Y2020:US:State                    365.08 USD
  Expenses:Taxes:Y2020:US:CityNYC                  174.92 USD
  Expenses:Taxes:Y2020:US:SDI                        1.12 USD
  Expenses:Taxes:Y2020:US:SocSec                   281.54 USD
  Assets:US:Federal:PreTax401k                   -1200.00 IRAUSD
  Expenses:Taxes:Y2020:US:Federal:PreTax401k      1200.00 IRAUSD
  Assets:US:Hoogle:Vacation                             5 VACHR
  Income:US:Hoogle:Vacation                            -5 VACHR

2020-04-09 * "Hoogle" "Payroll"
  Assets:US:BofA:Checking                         1350.60 USD
  Assets:US:Vanguard:Cash                         1200.00 USD
  Income:US:Hoogle:Salary                        -4615.38 USD
  Income:US:Hoogle:GroupTermLife                   -24.32 USD
  Expenses:Health:Life:GroupTermLife                24.32 USD
  Expenses:Health:Dental:Insurance                   2.90 USD
  Expenses:Health:Medical:Insurance                 27.38 USD
  Expenses:Health:Vision:Insurance                  42.30 USD
  Expenses:Taxes:Y2020:US:Medicare                 106.62 USD
  Expenses:Taxes:Y2020:US:Federal                 1062.92 USD
  Expenses:Taxes:Y2020:US:State                    365.08 USD
  Expenses:Taxes:Y2020:US:CityNYC                  174.92 USD
  Expenses:Taxes:Y2020:US:SDI                        1.12 USD
  Expenses:Taxes:Y2020:US:SocSec                   281.54 USD
  Assets:US:Federal:PreTax401k                   -1200.00 IRAUSD
  Expenses:Taxes:Y2020:US:Federal:PreTax401k      1200.00 IRAUSD
  Assets:US:Hoogle:Vacation                             5 VACHR
  Income:US:Hoogle:Vacation                            -5 VACHR

2020-04-23 * "Hoogle" "Payroll"
  Assets:US:BofA:Checking                         1350.60 USD
  Assets:US:Vanguard:Cash                         1200.00 USD
  Income:US:Hoogle:Salary                        -4615.38 USD
  Income:US:Hoogle:GroupTermLife                   -24.32 USD
  Expenses:Health:Life:GroupTermLife                24.32 USD
  Expenses:Health:Dental:Insurance                   2.90 USD
  Expenses:Health:Medical:Insurance                 27.38 USD
  Expenses:Health:Vision:Insurance                  42.30 USD
  Expenses:Taxes:Y2020:US:Medicare                 106.62 USD
  Expenses:Taxes:Y2020:US:Federal                 1062.92 USD
  Expenses:Taxes:Y2020:US:State                    365.08 USD
  Expenses:Taxes:Y2020:US:CityNYC                  174.92 USD
  Expenses:Taxes:Y2020:US:SDI                        1.12 USD
  Expenses:Taxes:Y2020:US:SocSec                   281.54 USD
  Assets:US:Federal:PreTax401k                   -1200.00 IRAUSD
  Expenses:Taxes:Y2020:US:Federal:PreTax401k      1200.00 IRAUSD
  Assets:US:Hoogle:Vacation                             5 VACHR
  Income:US:Hoogle:Vacation                            -5 VACHR

2020-05-07 * "Hoogle" "Payroll"
  Assets:US:BofA:Checking                         1350.60 USD
  Assets:US:Vanguard:Cash                         1200.00 USD
  Income:US:Hoogle:Salary                        -4615.38 USD
  Income:US:Hoogle:GroupTermLife                   -24.32 USD
  Expenses:Health:Life:GroupTermLife                24.32 USD
  Expenses:Health:Dental:Insurance                   2.90 USD
  Expenses:Health:Medical:Insurance                 27.38 USD
  Expenses:Health:Vision:Insurance                  42.30 USD
  Expenses:Taxes:Y2020:US:Medicare                 106.62 USD
  Expenses:Taxes:Y2020:US:Federal                 1062.92 USD
  Expenses:Taxes:Y2020:US:State                    365.08 USD
  Expenses:Taxes:Y2020:US:CityNYC                  174.92 USD
  Expenses:Taxes:Y2020:US:SDI                        1.12 USD
  Expenses:Taxes:Y2020:US:SocSec                   281.54 USD
  Assets:US:Federal:PreTax401k                   -1200.00 IRAUSD
  Expenses:Taxes:Y2020:US:Federal:PreTax401k      1200.00 IRAUSD
  Assets:US:Hoogle:Vacation                             5 VACHR
  Income:US:Hoogle:Vacation                            -5 VACHR

2020-05-21 * "Hoogle" "Payroll"
  Assets:US:BofA:Checking                         1350.60 USD
  Assets:US:Vanguard:Cash                         1200.00 USD
  Income:US:Hoogle:Salary                        -4615.38 USD
  Income:US:Hoogle:GroupTermLife                   -24.32 USD
  Expenses:Health:Life:GroupTermLife                24.32 USD
  Expenses:Health:Dental:Insurance                   2.90 USD
  Expenses:Health:Medical:Insurance                 27.38 USD
  Expenses:Health:Vision:Insurance                  42.30 USD
  Expenses:Taxes:Y2020:US:Medicare                 106.62 USD
  Expenses:Taxes:Y2020:US:Federal                 1062.92 USD
  Expenses:Taxes:Y2020:US:State                    365.08 USD
  Expenses:Taxes:Y2020:US:CityNYC                  174.92 USD
  Expenses:Taxes:Y2020:US:SDI                        1.12 USD
  Expenses:Taxes:Y2020:US:SocSec                   281.54 USD
  Assets:US:Federal:PreTax401k                   -1200.00 IRAUSD
  Expenses:Taxes:Y2020:US:Federal:PreTax401k      1200.00 IRAUSD
  Assets:US:Hoogle:Vacation                             5 VACHR
  Income:US:Hoogle:Vacation                            -5 VACHR

2020-06-04 * "Hoogle" "Payroll"
  Assets:US:BofA:Checking                         1350.60 USD
  Assets:US:Vanguard:Cash                         1200.00 USD
  Income:US:Hoogle:Salary                        -4615.38 USD
  Income:US:Hoogle:GroupTermLife                   -24.32 USD
  Expenses:Health:Life:GroupTermLife                24.32 USD
  Expenses:Health:Dental:Insurance                   2.90 USD
  Expenses:Health:Medical:Insurance                 27.38 USD
  Expenses:Health:Vision:Insurance                  42.30 USD
  Expenses:Taxes:Y2020:US:Medicare                 106.62 USD
  Expenses:Taxes:Y2020:US:Federal                 1062.92 USD
  Expenses:Taxes:Y2020:US:State                    365.08 USD
  Expenses:Taxes:Y2020:US:CityNYC                  174.92 USD
  Expenses:Taxes:Y2020:US:SDI                        1.12 USD
  Expenses:Taxes:Y2020:US:SocSec                   281.54 USD
  Assets:US:Federal:PreTax401k                   -1200.00 IRAUSD
  Expenses:Taxes:Y2020:US:Federal:PreTax401k      1200.00 IRAUSD
  Assets:US:Hoogle:Vacation                             5 VACHR
  Income:US:Hoogle:Vacation                            -5 VACHR

2020-06-18 * "Hoogle" "Payroll"
  Assets:US:BofA:Checking                         1350.60 USD
  Assets:US:Vanguard:Cash                         1200.00 USD
  Income:US:Hoogle:Salary                        -4615.38 USD
  Income:US:Hoogle:GroupTermLife                   -24.32 USD
  Expenses:Health:Life:GroupTermLife                24.32 USD
  Expenses:Health:Dental:Insurance                   2.90 USD
  Expenses:Health:Medical:Insurance                 27.38 USD
  Expenses:Health:Vision:Insurance                  42.30 USD
  Expenses:Taxes:Y2020:US:Medicare                 106.62 USD
  Expenses:Taxes:Y2020:US:Federal                 1062.92 USD
  Expenses:Taxes:Y2020:US:State                    365.08 USD
  Expenses:Taxes:Y2020:US:CityNYC                  174.92 USD
  Expenses:Taxes:Y2020:US:SDI                        1.12 USD
  Expenses:Taxes:Y2020:US:SocSec                   281.54 USD
  Assets:US:Federal:PreTax401k                   -1200.00 IRAUSD
  Expenses:Taxes:Y2020:US:Federal:PreTax401k      1200.00 IRAUSD
  Assets:US:Hoogle:Vacation                             5 VACHR
  Income:US:Hoogle:Vacation                            -5 VACHR

2020-07-02 * "Hoogle" "Payroll"
  Assets:US:BofA:Checking                         1350.60 USD
  Assets:US:Vanguard:Cash                         1200.00 USD
  Income:US:Hoogle:Salary                        -4615.38 USD
  Income:US:Hoogle:GroupTermLife                   -24.32 USD
  Expenses:Health:Life:GroupTermLife                24.32 USD
  Expenses:Health:Dental:Insurance                   2.90 USD
  Expenses:Health:Medical:Insurance                 27.38 USD
  Expenses:Health:Vision:Insurance                  42.30 USD
  Expenses:Taxes:Y2020:US:Medicare                 106.62 USD
  Expenses:Taxes:Y2020:US:Federal                 1062.92 USD
  Expenses:Taxes:Y2020:US:State                    365.08 USD
  Expenses:Taxes:Y2020:US:CityNYC                  174.92 USD
  Expenses:Taxes:Y2020:US:SDI                        1.12 USD
  Expenses:Taxes:Y2020:US:SocSec                   281.54 USD
  Assets:US:Federal:PreTax401k                   -1200.00 IRAUSD
  Expenses:Taxes:Y2020:US:Federal:PreTax401k      1200.00 IRAUSD
  Assets:US:Hoogle:Vacation                             5 VACHR
  Income:US:Hoogle:Vacation                            -5 VACHR

2020-07-16 * "Hoogle" "Payroll"
  Assets:US:BofA:Checking                         1350.60 USD
  Assets:US:Vanguard:Cash                         1200.00 USD
  Income:US:Hoogle:Salary                        -4615.38 USD
  Income:US:Hoogle:GroupTermLife                   -24.32 USD
  Expenses:Health:Life:GroupTermLife                24.32 USD
  Expenses:Health:Dental:Insurance                   2.90 USD
  Expenses:Health:Medical:Insurance                 27.38 USD
  Expenses:Health:Vision:Insurance                  42.30 USD
  Expenses:Taxes:Y2020:US:Medicare                 106.62 USD
  Expenses:Taxes:Y2020:US:Federal                 1062.92 USD
  Expenses:Taxes:Y2020:US:State                    365.08 USD
  Expenses:Taxes:Y2020:US:CityNYC                  174.92 USD
  Expenses:Taxes:Y2020:US:SDI                        1.12 USD
  Expenses:Taxes:Y2020:US:SocSec                   281.54 USD
  Assets:US:Federal:PreTax401k                   -1200.00 IRAUSD
  Expenses:Taxes:Y2020:US:Federal:PreTax401k      1200.00 IRAUSD
  Assets:US:Hoogle:Vacation                             5 VACHR
  Income:US:Hoogle:Vacation                            -5 VACHR

2020-07-30 * "Hoogle" "Payroll"
  Assets:US:BofA:Checking                         2050.60 USD
  Assets:US:Vanguard:Cash                          500.00 USD
  Income:US:Hoogle:Salary                        -4615.38 USD
  Income:US:Hoogle:GroupTermLife                   -24.32 USD
  Expenses:Health:Life:GroupTermLife                24.32 USD
  Expenses:Health:Dental:Insurance                   2.90 USD
  Expenses:Health:Medical:Insurance                 27.38 USD
  Expenses:Health:Vision:Insurance                  42.30 USD
  Expenses:Taxes:Y2020:US:Medicare                 106.62 USD
  Expenses:Taxes:Y2020:US:Federal                 1062.92 USD
  Expenses:Taxes:Y2020:US:State                    365.08 USD
  Expenses:Taxes:Y2020:US:CityNYC                  174.92 USD
  Expenses:Taxes:Y2020:US:SDI                        1.12 USD
  Expenses:Taxes:Y2020:US:SocSec                   281.54 USD
  Assets:US:Federal:PreTax401k                    -500.00 IRAUSD
  Expenses:Taxes:Y2020:US:Federal:PreTax401k       500.00 IRAUSD
  Assets:US:Hoogle:Vacation                             5 VACHR
  Income:US:Hoogle:Vacation                            -5 VACHR

2020-08-13 * "Hoogle" "Payroll"
  Assets:US:BofA:Checking                         2550.60 USD
  Income:US:Hoogle:Salary                        -4615.38 USD
  Income:US:Hoogle:GroupTermLife                   -24.32 USD
  Expenses:Health:Life:GroupTermLife                24.32 USD
  Expenses:Health:Dental:Insurance                   2.90 USD
  Expenses:Health:Medical:Insurance                 27.38 USD
  Expenses:Health:Vision:Insurance                  42.30 USD
  Expenses:Taxes:Y2020:US:Medicare                 106.62 USD
  Expenses:Taxes:Y2020:US:Federal                 1062.92 USD
  Expenses:Taxes:Y2020:US:State                    365.08 USD
  Expenses:Taxes:Y2020:US:CityNYC                  174.92 USD
  Expenses:Taxes:Y2020:US:SDI                        1.12 USD
  Expenses:Taxes:Y2020:US:SocSec                   281.54 USD
  Assets:US:Federal:PreTax401k                       0.00 IRAUSD
  Assets:US:Hoogle:Vacation                             5 VACHR
  Income:US:Hoogle:Vacation                            -5 VACHR

2020-08-27 * "Hoogle" "Payroll"
  Assets:US:BofA:Checking                         2550.60 USD
  Income:US:Hoogle:Salary                        -4615.38 USD
  Income:US:Hoogle:GroupTermLife                   -24.32 USD
  Expenses:Health:Life:GroupTermLife                24.32 USD
  Expenses:Health:Dental:Insurance                   2.90 USD
  Expenses:Health:Medical:Insurance                 27.38 USD
  Expenses:Health:Vision:Insurance                  42.30 USD
  Expenses:Taxes:Y2020:US:Medicare                 106.62 USD
  Expenses:Taxes:Y2020:US:Federal                 1062.92 USD
  Expenses:Taxes:Y2020:US:State                    365.08 USD
  Expenses:Taxes:Y2020:US:CityNYC                  174.92 USD
  Expenses:Taxes:Y2020:US:SDI                        1.12 USD
  Expenses:Taxes:Y2020:US:SocSec                   281.54 USD
  Assets:US:Federal:PreTax401k                       0.00 IRAUSD
  Assets:US:Hoogle:Vacation                             5 VACHR
  Income:US:Hoogle:Vacation                            -5 VACHR

2020-09-10 * "Hoogle" "Payroll"
  Assets:US:BofA:Checking                         2550.60 USD
  Income:US:Hoogle:Salary                        -4615.38 USD
  Income:US:Hoogle:GroupTermLife                   -24.32 USD
  Expenses:Health:Life:GroupTermLife                24.32 USD
  Expenses:Health:Dental:Insurance                   2.90 USD
  Expenses:Health:Medical:Insurance                 27.38 USD
  Expenses:Health:Vision:Insurance                  42.30 USD
  Expenses:Taxes:Y2020:US:Medicare                 106.62 USD
  Expenses:Taxes:Y2020:US:Federal                 1062.92 USD
  Expenses:Taxes:Y2020:US:State                    365.08 USD
  Expenses:Taxes:Y2020:US:CityNYC                  174.92 USD
  Expenses:Taxes:Y2020:US:SDI                        1.12 USD
  Expenses:Taxes:Y2020:US:SocSec                   281.54 USD
  Assets:US:Federal:PreTax401k                       0.00 IRAUSD
  Assets:US:Hoogle:Vacation                             5 VACHR
  Income:US:Hoogle:Vacation                            -5 VACHR

2020-09-24 * "Hoogle" "Payroll"
  Assets:US:BofA:Checking                         2550.60 USD
  Income:US:Hoogle:Salary                        -4615.38 USD
  Income:US:Hoogle:GroupTermLife                   -24.32 USD
  Expenses:Health:Life:GroupTermLife                24.32 USD
  Expenses:Health:Dental:Insurance                   2.90 USD
  Expenses:Health:Medical:Insurance                 27.38 USD
  Expenses:Health:Vision:Insurance                  42.30 USD
  Expenses:Taxes:Y2020:US:Medicare                 106.62 USD
  Expenses:Taxes:Y2020:US:Federal                 1062.92 USD
  Expenses:Taxes:Y2020:US:State                    365.08 USD
  Expenses:Taxes:Y2020:US:CityNYC                  174.92 USD
  Expenses:Taxes:Y2020:US:SDI                        1.12 USD
  Expenses:Taxes:Y2020:US:SocSec                   281.54 USD
  Assets:US:Federal:PreTax401k                       0.00 IRAUSD
  Assets:US:Hoogle:Vacation                             5 VACHR
  Income:US:Hoogle:Vacation                            -5 VACHR

2020-10-08 * "Hoogle" "Payroll"
  Assets:US:BofA:Checking                         2550.60 USD
  Income:US:Hoogle:Salary                        -4615.38 USD
  Income:US:Hoogle:GroupTermLife                   -24.32 USD
  Expenses:Health:Life:GroupTermLife                24.32 USD
  Expenses:Health:Dental:Insurance                   2.90 USD
  Expenses:Health:Medical:Insurance                 27.38 USD
  Expenses:Health:Vision:Insurance                  42.30 USD
  Expenses:Taxes:Y2020:US:Medicare                 106.62 USD
  Expenses:Taxes:Y2020:US:Federal                 1062.92 USD
  Expenses:Taxes:Y2020:US:State                    365.08 USD
  Expenses:Taxes:Y2020:US:CityNYC                  174.92 USD
  Expenses:Taxes:Y2020:US:SDI                        1.12 USD
  Expenses:Taxes:Y2020:US:SocSec                   281.54 USD
  Assets:US:Federal:PreTax401k                       0.00 IRAUSD
  Assets:US:Hoogle:Vacation                             5 VACHR
  Income:US:Hoogle:Vacation                            -5 VACHR

2020-10-22 * "Hoogle" "Payroll"
  Assets:US:BofA:Checking                         2550.60 USD
  Income:US:Hoogle:Salary                        -4615.38 USD
  Income:US:Hoogle:GroupTermLife                   -24.32 USD
  Expenses:Health:Life:GroupTermLife                24.32 USD
  Expenses:Health:Dental:Insurance                   2.90 USD
  Expenses:Health:Medical:Insurance                 27.38 USD
  Expenses:Health:Vision:Insurance                  42.30 USD
  Expenses:Taxes:Y2020:US:Medicare                 106.62 USD
  Expenses:Taxes:Y2020:US:Federal                 1062.92 USD
  Expenses:Taxes:Y2020:US:State                    365.08 USD
  Expenses:Taxes:Y2020:US:CityNYC                  174.92 USD
  Expenses:Taxes:Y2020:US:SDI                        1.12 USD
  Expenses:Taxes:Y2020:US:SocSec                   281.54 USD
  Assets:US:Federal:PreTax401k                       0.00 IRAUSD
  Assets:US:Hoogle:Vacation                             5 VACHR
  Income:US:Hoogle:Vacation                            -5 VACHR

2020-11-05 * "Hoogle" "Payroll"
  Assets:US:BofA:Checking                         2550.60 USD
  Income:US:Hoogle:Salary                        -4615.38 USD
  Income:US:Hoogle:GroupTermLife                   -24.32 USD
  Expenses:Health:Life:GroupTermLife                24.32 USD
  Expenses:Health:Dental:Insurance                   2.90 USD
  Expenses:Health:Medical:Insurance                 27.38 USD
  Expenses:Health:Vision:Insurance                  42.30 USD
  Expenses:Taxes:Y2020:US:Medicare                 106.62 USD
  Expenses:Taxes:Y2020:US:Federal                 1062.92 USD
  Expenses:Taxes:Y2020:US:State                    365.08 USD
  Expenses:Taxes:Y2020:US:CityNYC                  174.92 USD
  Expenses:Taxes:Y2020:US:SDI                        1.12 USD
  Expenses:Taxes:Y2020:US:SocSec                   281.54 USD
  Assets:US:Federal:PreTax401k                       0.00 IRAUSD
  Assets:US:Hoogle:Vacation                             5 VACHR
  Income:US:Hoogle:Vacation                            -5 VACHR

2020-11-19 * "Hoogle" "Payroll"
  Assets:US:BofA:Checking                         2550.60 USD
  Income:US:Hoogle:Salary                        -4615.38 USD
  Income:US:Hoogle:GroupTermLife                   -24.32 USD
  Expenses:Health:Life:GroupTermLife                24.32 USD
  Expenses:Health:Dental:Insurance                   2.90 USD
  Expenses:Health:Medical:Insurance                 27.38 USD
  Expenses:Health:Vision:Insurance                  42.30 USD
  Expenses:Taxes:Y2020:US:Medicare                 106.62 USD
  Expenses:Taxes:Y2020:US:Federal                 1062.92 USD
  Expenses:Taxes:Y2020:US:State                    365.08 USD
  Expenses:Taxes:Y2020:US:CityNYC                  174.92 USD
  Expenses:Taxes:Y2020:US:SDI                        1.12 USD
  Expenses:Taxes:Y2020:US:SocSec                   281.54 USD
  Assets:US:Federal:PreTax401k                       0.00 IRAUSD
  Assets:US:Hoogle:Vacation                             5 VACHR
  Income:US:Hoogle:Vacation                            -5 VACHR

2020-12-03 * "Hoogle" "Payroll"
  Assets:US:BofA:Checking                         2589.06 USD
  Income:US:Hoogle:Salary                        -4615.38 USD
  Income:US:Hoogle:GroupTermLife                   -24.32 USD
  Expenses:Health:Life:GroupTermLife                24.32 USD
  Expenses:Health:Dental:Insurance                   2.90 USD
  Expenses:Health:Medical:Insurance                 27.38 USD
  Expenses:Health:Vision:Insurance                  42.30 USD
  Expenses:Taxes:Y2020:US:Medicare                 106.62 USD
  Expenses:Taxes:Y2020:US:Federal                 1062.92 USD
  Expenses:Taxes:Y2020:US:State                    365.08 USD
  Expenses:Taxes:Y2020:US:CityNYC                  174.92 USD
  Expenses:Taxes:Y2020:US:SDI                        1.12 USD
  Expenses:Taxes:Y2020:US:SocSec                   243.08 USD
  Assets:US:Federal:PreTax401k                       0.00 IRAUSD
  Assets:US:Hoogle:Vacation                             5 VACHR
  Income:US:Hoogle:Vacation                            -5 VACHR

2020-12-17 * "Hoogle" "Payroll"
  Assets:US:BofA:Checking                         2832.14 USD
  Income:US:Hoogle:Salary                        -4615.38 USD
  Income:US:Hoogle:GroupTermLife                   -24.32 USD
  Expenses:Health:Life:GroupTermLife                24.32 USD
  Expenses:Health:Dental:Insurance                   2.90 USD
  Expenses:Health:Medical:Insurance                 27.38 USD
  Expenses:Health:Vision:Insurance                  42.30 USD
  Expenses:Taxes:Y2020:US:Medicare                 106.62 USD
  Expenses:Taxes:Y2020:US:Federal                 1062.92 USD
  Expenses:Taxes:Y2020:US:State                    365.08 USD
  Expenses:Taxes:Y2020:US:CityNYC                  174.92 USD
  Expenses:Taxes:Y2020:US:SDI                        1.12 USD
  Expenses:Taxes:Y2020:US:SocSec                     0.00 USD
  Assets:US:Federal:PreTax401k                       0.00 IRAUSD
  Assets:US:Hoogle:Vacation                             5 VACHR
  Income:US:Hoogle:Vacation                            -5 VACHR

2020-12-31 * "Hoogle" "Payroll"
  Assets:US:BofA:Checking                         2832.14 USD
  Income:US:Hoogle:Salary                        -4615.38 USD
  Income:US:Hoogle:GroupTermLife                   -24.32 USD
  Expenses:Health:Life:GroupTermLife                24.32 USD
  Expenses:Health:Dental:Insurance                   2.90 USD
  Expenses:Health:Medical:Insurance                 27.38 USD
  Expenses:Health:Vision:Insurance                  42.30 USD
  Expenses:Taxes:Y2020:US:Medicare                 106.62 USD
  Expenses:Taxes:Y2020:US:Federal                 1062.92 USD
  Expenses:Taxes:Y2020:US:State                    365.08 USD
  Expenses:Taxes:Y2020:US:CityNYC                  174.92 USD
  Expenses:Taxes:Y2020:US:SDI                        1.12 USD
  Expenses:Taxes:Y2020:US:SocSec                     0.00 USD
  Assets:US:Federal:PreTax401k                       0.00 IRAUSD
  Assets:US:Hoogle:Vacation                             5 VACHR
  Income:US:Hoogle:Vacation                            -5 VACHR

2021-01-14 * "Hoogle" "Payroll"
  Assets:US:BofA:Checking                         1350.60 USD
  Assets:US:Vanguard:Cash                         1200.00 USD
  Income:US:Hoogle:Salary                        -4615.38 USD
  Income:US:Hoogle:GroupTermLife                   -24.32 USD
  Expenses:Health:Life:GroupTermLife                24.32 USD
  Expenses:Health:Dental:Insurance                   2.90 USD
  Expenses:Health:Medical:Insurance                 27.38 USD
  Expenses:Health:Vision:Insurance                  42.30 USD
  Expenses:Taxes:Y2021:US:Medicare                 106.62 USD
  Expenses:Taxes:Y2021:US:Federal                 1062.92 USD
  Expenses:Taxes:Y2021:US:State                    365.08 USD
  Expenses:Taxes:Y2021:US:CityNYC                  174.92 USD
  Expenses:Taxes:Y2021:US:SDI                        1.12 USD
  Expenses:Taxes:Y2021:US:SocSec                   281.54 USD
  Assets:US:Federal:PreTax401k                   -1200.00 IRAUSD
  Expenses:Taxes:Y2021:US:Federal:PreTax401k      1200.00 IRAUSD
  Assets:US:Hoogle:Vacation                             5 VACHR
  Income:US:Hoogle:Vacation                            -5 VACHR

2021-01-28 * "Hoogle" "Payroll"
  Assets:US:BofA:Checking                         1350.60 USD
  Assets:US:Vanguard:Cash                         1200.00 USD
  Income:US:Hoogle:Salary                        -4615.38 USD
  Income:US:Hoogle:GroupTermLife                   -24.32 USD
  Expenses:Health:Life:GroupTermLife                24.32 USD
  Expenses:Health:Dental:Insurance                   2.90 USD
  Expenses:Health:Medical:Insurance                 27.38 USD
  Expenses:Health:Vision:Insurance                  42.30 USD
  Expenses:Taxes:Y2021:US:Medicare                 106.62 USD
  Expenses:Taxes:Y2021:US:Federal                 1062.92 USD
  Expenses:Taxes:Y2021:US:State                    365.08 USD
  Expenses:Taxes:Y2021:US:CityNYC                  174.92 USD
  Expenses:Taxes:Y2021:US:SDI                        1.12 USD
  Expenses:Taxes:Y2021:US:SocSec                   281.54 USD
  Assets:US:Federal:PreTax401k                   -1200.00 IRAUSD
  Expenses:Taxes:Y2021:US:Federal:PreTax401k      1200.00 IRAUSD
  Assets:US:Hoogle:Vacation                             5 VACHR
  Income:US:Hoogle:Vacation                            -5 VACHR

2021-02-11 * "Hoogle" "Payroll"
  Assets:US:BofA:Checking                         1350.60 USD
  Assets:US:Vanguard:Cash                         1200.00 USD
  Income:US:Hoogle:Salary                        -4615.38 USD
  Income:US:Hoogle:GroupTermLife                   -24.32 USD
  Expenses:Health:Life:GroupTermLife                24.32 USD
  Expenses:Health:Dental:Insurance                   2.90 USD
  Expenses:Health:Medical:Insurance                 27.38 USD
  Expenses:Health:Vision:Insurance                  42.30 USD
  Expenses:Taxes:Y2021:US:Medicare                 106.62 USD
  Expenses:Taxes:Y2021:US:Federal                 1062.92 USD
  Expenses:Taxes:Y2021:US:State                    365.08 USD
  Expenses:Taxes:Y2021:US:CityNYC                  174.92 USD
  Expenses:Taxes:Y2021:US:SDI                        1.12 USD
  Expenses:Taxes:Y2021:US:SocSec                   281.54 USD
  Assets:US:Federal:PreTax401k                   -1200.00 IRAUSD
  Expenses:Taxes:Y2021:US:Federal:PreTax401k      1200.00 IRAUSD
  Assets:US:Hoogle:Vacation                             5 VACHR
  Income:US:Hoogle:Vacation                            -5 VACHR

2021-02-25 * "Hoogle" "Payroll"
  Assets:US:BofA:Checking                         1350.60 USD
  Assets:US:Vanguard:Cash                         1200.00 USD
  Income:US:Hoogle:Salary                        -4615.38 USD
  Income:US:Hoogle:GroupTermLife                   -24.32 USD
  Expenses:Health:Life:GroupTermLife                24.32 USD
  Expenses:Health:Dental:Insurance                   2.90 USD
  Expenses:Health:Medical:Insurance                 27.38 USD
  Expenses:Health:Vision:Insurance                  42.30 USD
  Expenses:Taxes:Y2021:US:Medicare                 106.62 USD
  Expenses:Taxes:Y2021:US:Federal                 1062.92 USD
  Expenses:Taxes:Y2021:US:State                    365.08 USD
  Expenses:Taxes:Y2021:US:CityNYC                  174.92 USD
  Expenses:Taxes:Y2021:US:SDI                        1.12 USD
  Expenses:Taxes:Y2021:US:SocSec                   281.54 USD
  Assets:US:Federal:PreTax401k                   -1200.00 IRAUSD
  Expenses:Taxes:Y2021:US:Federal:PreTax401k      1200.00 IRAUSD
  Assets:US:Hoogle:Vacation                             5 VACHR
  Income:US:Hoogle:Vacation                            -5 VACHR

2021-03-11 * "Hoogle" "Payroll"
  Assets:US:BofA:Checking                         1350.60 USD
  Assets:US:Vanguard:Cash                         1200.00 USD
  Income:US:Hoogle:Salary                        -4615.38 USD
  Income:US:Hoogle:GroupTermLife                   -24.32 USD
  Expenses:Health:Life:GroupTermLife                24.32 USD
  Expenses:Health:Dental:Insurance                   2.90 USD
  Expenses:Health:Medical:Insurance                 27.38 USD
  Expenses:Health:Vision:Insurance                  42.30 USD
  Expenses:Taxes:Y2021:US:Medicare                 106.62 USD
  Expenses:Taxes:Y2021:US:Federal                 1062.92 USD
  Expenses:Taxes:Y2021:US:State                    365.08 USD
  Expenses:Taxes:Y2021:US:CityNYC                  174.92 USD
  Expenses:Taxes:Y2021:US:SDI                        1.12 USD
  Expenses:Taxes:Y2021:US:SocSec                   281.54 USD
  Assets:US:Federal:PreTax401k                   -1200.00 IRAUSD
  Expenses:Taxes:Y2021:US:Federal:PreTax401k      1200.00 IRAUSD
  Assets:US:Hoogle:Vacation                             5 VACHR
  Income:US:Hoogle:Vacation                            -5 VACHR

2021-03-25 * "Hoogle" "Payroll"
  Assets:US:BofA:Checking                         1350.60 USD
  Assets:US:Vanguard:Cash                         1200.00 USD
  Income:US:Hoogle:Salary                        -4615.38 USD
  Income:US:Hoogle:GroupTermLife                   -24.32 USD
  Expenses:Health:Life:GroupTermLife                24.32 USD
  Expenses:Health:Dental:Insurance                   2.90 USD
  Expenses:Health:Medical:Insurance                 27.38 USD
  Expenses:Health:Vision:Insurance                  42.30 USD
  Expenses:Taxes:Y2021:US:Medicare                 106.62 USD
  Expenses:Taxes:Y2021:US:Federal                 1062.92 USD
  Expenses:Taxes:Y2021:US:State                    365.08 USD
  Expenses:Taxes:Y2021:US:CityNYC                  174.92 USD
  Expenses:Taxes:Y2021:US:SDI                        1.12 USD
  Expenses:Taxes:Y2021:US:SocSec                   281.54 USD
  Assets:US:Federal:PreTax401k                   -1200.00 IRAUSD
  Expenses:Taxes:Y2021:US:Federal:PreTax401k      1200.00 IRAUSD
  Assets:US:Hoogle:Vacation                             5 VACHR
  Income:US:Hoogle:Vacation                            -5 VACHR

2021-04-08 * "Hoogle" "Payroll"
  Assets:US:BofA:Checking                         1350.60 USD
  Assets:US:Vanguard:Cash                         1200.00 USD
  Income:US:Hoogle:Salary                        -4615.38 USD
  Income:US:Hoogle:GroupTermLife                   -24.32 USD
  Expenses:Health:Life:GroupTermLife                24.32 USD
  Expenses:Health:Dental:Insurance                   2.90 USD
  Expenses:Health:Medical:Insurance                 27.38 USD
  Expenses:Health:Vision:Insurance                  42.30 USD
  Expenses:Taxes:Y2021:US:Medicare                 106.62 USD
  Expenses:Taxes:Y2021:US:Federal                 1062.92 USD
  Expenses:Taxes:Y2021:US:State                    365.08 USD
  Expenses:Taxes:Y2021:US:CityNYC                  174.92 USD
  Expenses:Taxes:Y2021:US:SDI                        1.12 USD
  Expenses:Taxes:Y2021:US:SocSec                   281.54 USD
  Assets:US:Federal:PreTax401k                   -1200.00 IRAUSD
  Expenses:Taxes:Y2021:US:Federal:PreTax401k      1200.00 IRAUSD
  Assets:US:Hoogle:Vacation                             5 VACHR
  Income:US:Hoogle:Vacation                            -5 VACHR

2021-04-22 * "Hoogle" "Payroll"
  Assets:US:BofA:Checking                         1350.60 USD
  Assets:US:Vanguard:Cash                         1200.00 USD
  Income:US:Hoogle:Salary                        -4615.38 USD
  Income:US:Hoogle:GroupTermLife                   -24.32 USD
  Expenses:Health:Life:GroupTermLife                24.32 USD
  Expenses:Health:Dental:Insurance                   2.90 USD
  Expenses:Health:Medical:Insurance                 27.38 USD
  Expenses:Health:Vision:Insurance                  42.30 USD
  Expenses:Taxes:Y2021:US:Medicare                 106.62 USD
  Expenses:Taxes:Y2021:US:Federal                 1062.92 USD
  Expenses:Taxes:Y2021:US:State                    365.08 USD
  Expenses:Taxes:Y2021:US:CityNYC                  174.92 USD
  Expenses:Taxes:Y2021:US:SDI                        1.12 USD
  Expenses:Taxes:Y2021:US:SocSec                   281.54 USD
  Assets:US:Federal:PreTax401k                   -1200.00 IRAUSD
  Expenses:Taxes:Y2021:US:Federal:PreTax401k      1200.00 IRAUSD
  Assets:US:Hoogle:Vacation                             5 VACHR
  Income:US:Hoogle:Vacation                            -5 VACHR

2021-05-06 * "Hoogle" "Payroll"
  Assets:US:BofA:Checking                         1350.60 USD
  Assets:US:Vanguard:Cash                         1200.00 USD
  Income:US:Hoogle:Salary                        -4615.38 USD
  Income:US:Hoogle:GroupTermLife                   -24.32 USD
  Expenses:Health:Life:GroupTermLife                24.32 USD
  Expenses:Health:Dental:Insurance                   2.90 USD
  Expenses:Health:Medical:Insurance                 27.38 USD
  Expenses:Health:Vision:Insurance                  42.30 USD
  Expenses:Taxes:Y2021:US:Medicare                 106.62 USD
  Expenses:Taxes:Y2021:US:Federal                 1062.92 USD
  Expenses:Taxes:Y2021:US:State                    365.08 USD
  Expenses:Taxes:Y2021:US:CityNYC                  174.92 USD
  Expenses:Taxes:Y2021:US:SDI                        1.12 USD
  Expenses:Taxes:Y2021:US:SocSec                   281.54 USD
  Assets:US:Federal:PreTax401k                   -1200.00 IRAUSD
  Expenses:Taxes:Y2021:US:Federal:PreTax401k      1200.00 IRAUSD
  Assets:US:Hoogle:Vacation                             5 VACHR
  Income:US:Hoogle:Vacation                            -5 VACHR

2021-05-20 * "Hoogle" "Payroll"
  Assets:US:BofA:Checking                         1350.60 USD
  Assets:US:Vanguard:Cash                         1200.00 USD
  Income:US:Hoogle:Salary                        -4615.38 USD
  Income:US:Hoogle:GroupTermLife                   -24.32 USD
  Expenses:Health:Life:GroupTermLife                24.32 USD
  Expenses:Health:Dental:Insurance                   2.90 USD
  Expenses:Health:Medical:Insurance                 27.38 USD
  Expenses:Health:Vision:Insurance                  42.30 USD
  Expenses:Taxes:Y2021:US:Medicare                 106.62 USD
  Expenses:Taxes:Y2021:US:Federal                 1062.92 USD
  Expenses:Taxes:Y2021:US:State                    365.08 USD
  Expenses:Taxes:Y2021:US:CityNYC                  174.92 USD
  Expenses:Taxes:Y2021:US:SDI                        1.12 USD
  Expenses:Taxes:Y2021:US:SocSec                   281.54 USD
  Assets:US:Federal:PreTax401k                   -1200.00 IRAUSD
  Expenses:Taxes:Y2021:US:Federal:PreTax401k      1200.00 IRAUSD
  Assets:US:Hoogle:Vacation                             5 VACHR
  Income:US:Hoogle:Vacation                            -5 VACHR

2021-06-03 * "Hoogle" "Payroll"
  Assets:US:BofA:Checking                         1350.60 USD
  Assets:US:Vanguard:Cash                         1200.00 USD
  Income:US:Hoogle:Salary                        -4615.38 USD
  Income:US:Hoogle:GroupTermLife                   -24.32 USD
  Expenses:Health:Life:GroupTermLife                24.32 USD
  Expenses:Health:Dental:Insurance                   2.90 USD
  Expenses:Health:Medical:Insurance                 27.38 USD
  Expenses:Health:Vision:Insurance                  42.30 USD
  Expenses:Taxes:Y2021:US:Medicare                 106.62 USD
  Expenses:Taxes:Y2021:US:Federal                 1062.92 USD
  Expenses:Taxes:Y2021:US:State                    365.08 USD
  Expenses:Taxes:Y2021:US:CityNYC                  174.92 USD
  Expenses:Taxes:Y2021:US:SDI                        1.12 USD
  Expenses:Taxes:Y2021:US:SocSec                   281.54 USD
  Assets:US:Federal:PreTax401k                   -1200.00 IRAUSD
  Expenses:Taxes:Y2021:US:Federal:PreTax401k      1200.00 IRAUSD
  Assets:US:Hoogle:Vacation                             5 VACHR
  Income:US:Hoogle:Vacation                            -5 VACHR

2021-06-17 * "Hoogle" "Payroll"
  Assets:US:BofA:Checking                         1350.60 USD
  Assets:US:Vanguard:Cash                         1200.00 USD
  Income:US:Hoogle:Salary                        -4615.38 USD
  Income:US:Hoogle:GroupTermLife                   -24.32 USD
  Expenses:Health:Life:GroupTermLife                24.32 USD
  Expenses:Health:Dental:Insurance                   2.90 USD
  Expenses:Health:Medical:Insurance                 27.38 USD
  Expenses:Health:Vision:Insurance                  42.30 USD
  Expenses:Taxes:Y2021:US:Medicare                 106.62 USD
  Expenses:Taxes:Y2021:US:Federal                 1062.92 USD
  Expenses:Taxes:Y2021:US:State                    365.08 USD
  Expenses:Taxes:Y2021:US:CityNYC                  174.92 USD
  Expenses:Taxes:Y2021:US:SDI                        1.12 USD
  Expenses:Taxes:Y2021:US:SocSec                   281.54 USD
  Assets:US:Federal:PreTax401k                   -1200.00 IRAUSD
  Expenses:Taxes:Y2021:US:Federal:PreTax401k      1200.00 IRAUSD
  Assets:US:Hoogle:Vacation                             5 VACHR
  Income:US:Hoogle:Vacation                            -5 VACHR

2021-07-01 * "Hoogle" "Payroll"
  Assets:US:BofA:Checking                         1350.60 USD
  Assets:US:Vanguard:Cash                         1200.00 USD
  Income:US:Hoogle:Salary                        -4615.38 USD
  Income:US:Hoogle:GroupTermLife                   -24.32 USD
  Expenses:Health:Life:GroupTermLife                24.32 USD
  Expenses:Health:Dental:Insurance                   2.90 USD
  Expenses:Health:Medical:Insurance                 27.38 USD
  Expenses:Health:Vision:Insurance                  42.30 USD
  Expenses:Taxes:Y2021:US:Medicare                 106.62 USD
  Expenses:Taxes:Y2021:US:Federal                 1062.92 USD
  Expenses:Taxes:Y2021:US:State                    365.08 USD
  Expenses:Taxes:Y2021:US:CityNYC                  174.92 USD
  Expenses:Taxes:Y2021:US:SDI                        1.12 USD
  Expenses:Taxes:Y2021:US:SocSec                   281.54 USD
  Assets:US:Federal:PreTax401k                   -1200.00 IRAUSD
  Expenses:Taxes:Y2021:US:Federal:PreTax401k      1200.00 IRAUSD
  Assets:US:Hoogle:Vacation                             5 VACHR
  Income:US:Hoogle:Vacation                            -5 VACHR

2021-07-15 * "Hoogle" "Payroll"
  Assets:US:BofA:Checking                         1350.60 USD
  Assets:US:Vanguard:Cash                         1200.00 USD
  Income:US:Hoogle:Salary                        -4615.38 USD
  Income:US:Hoogle:GroupTermLife                   -24.32 USD
  Expenses:Health:Life:GroupTermLife                24.32 USD
  Expenses:Health:Dental:Insurance                   2.90 USD
  Expenses:Health:Medical:Insurance                 27.38 USD
  Expenses:Health:Vision:Insurance                  42.30 USD
  Expenses:Taxes:Y2021:US:Medicare                 106.62 USD
  Expenses:Taxes:Y2021:US:Federal                 1062.92 USD
  Expenses:Taxes:Y2021:US:State                    365.08 USD
  Expenses:Taxes:Y2021:US:CityNYC                  174.92 USD
  Expenses:Taxes:Y2021:US:SDI                        1.12 USD
  Expenses:Taxes:Y2021:US:SocSec                   281.54 USD
  Assets:US:Federal:PreTax401k                   -1200.00 IRAUSD
  Expenses:Taxes:Y2021:US:Federal:PreTax401k      1200.00 IRAUSD
  Assets:US:Hoogle:Vacation                             5 VACHR
  Income:US:Hoogle:Vacation                            -5 VACHR

2021-07-29 * "Hoogle" "Payroll"
  Assets:US:BofA:Checking                         1350.60 USD
  Assets:US:Vanguard:Cash                         1200.00 USD
  Income:US:Hoogle:Salary                        -4615.38 USD
  Income:US:Hoogle:GroupTermLife                   -24.32 USD
  Expenses:Health:Life:GroupTermLife                24.32 USD
  Expenses:Health:Dental:Insurance                   2.90 USD
  Expenses:Health:Medical:Insurance                 27.38 USD
  Expenses:Health:Vision:Insurance                  42.30 USD
  Expenses:Taxes:Y2021:US:Medicare                 106.62 USD
  Expenses:Taxes:Y2021:US:Federal                 1062.92 USD
  Expenses:Taxes:Y2021:US:State                    365.08 USD
  Expenses:Taxes:Y2021:US:CityNYC                  174.92 USD
  Expenses:Taxes:Y2021:US:SDI                        1.12 USD
  Expenses:Taxes:Y2021:US:SocSec                   281.54 USD
  Assets:US:Federal:PreTax401k                   -1200.00 IRAUSD
  Expenses:Taxes:Y2021:US:Federal:PreTax401k      1200.00 IRAUSD
  Assets:US:Hoogle:Vacation                             5 VACHR
  Income:US:Hoogle:Vacation                            -5 VACHR

2021-08-12 * "Hoogle" "Payroll"
  Assets:US:BofA:Checking                         2050.60 USD
  Assets:US:Vanguard:Cash                          500.00 USD
  Income:US:Hoogle:Salary                        -4615.38 USD
  Income:US:Hoogle:GroupTermLife                   -24.32 USD
  Expenses:Health:Life:GroupTermLife                24.32 USD
  Expenses:Health:Dental:Insurance                   2.90 USD
  Expenses:Health:Medical:Insurance                 27.38 USD
  Expenses:Health:Vision:Insurance                  42.30 USD
  Expenses:Taxes:Y2021:US:Medicare                 106.62 USD
  Expenses:Taxes:Y2021:US:Federal                 1062.92 USD
  Expenses:Taxes:Y2021:US:State                    365.08 USD
  Expenses:Taxes:Y2021:US:CityNYC                  174.92 USD
  Expenses:Taxes:Y2021:US:SDI                        1.12 USD
  Expenses:Taxes:Y2021:US:SocSec                   281.54 USD
  Assets:US:Federal:PreTax401k                    -500.00 IRAUSD
  Expenses:Taxes:Y2021:US:Federal:PreTax401k       500.00 IRAUSD
  Assets:US:Hoogle:Vacation                             5 VACHR
  Income:US:Hoogle:Vacation                            -5 VACHR

2021-08-26 * "Hoogle" "Payroll"
  Assets:US:BofA:Checking                         2550.60 USD
  Income:US:Hoogle:Salary                        -4615.38 USD
  Income:US:Hoogle:GroupTermLife                   -24.32 USD
  Expenses:Health:Life:GroupTermLife                24.32 USD
  Expenses:Health:Dental:Insurance                   2.90 USD
  Expenses:Health:Medical:Insurance                 27.38 USD
  Expenses:Health:Vision:Insurance                  42.30 USD
  Expenses:Taxes:Y2021:US:Medicare                 106.62 USD
  Expenses:Taxes:Y2021:US:Federal                 1062.92 USD
  Expenses:Taxes:Y2021:US:State                    365.08 USD
  Expenses:Taxes:Y2021:US:CityNYC                  174.92 USD
  Expenses:Taxes:Y2021:US:SDI                        1.12 USD
  Expenses:Taxes:Y2021:US:SocSec                   281.54 USD
  Assets:US:Federal:PreTax401k                       0.00 IRAUSD
  Assets:US:Hoogle:Vacation                             5 VACHR
  Income:US:Hoogle:Vacation                            -5 VACHR

2021-09-09 * "Hoogle" "Payroll"
  Assets:US:BofA:Checking                         2550.60 USD
  Income:US:Hoogle:Salary                        -4615.38 USD
  Income:US:Hoogle:GroupTermLife                   -24.32 USD
  Expenses:Health:Life:GroupTermLife                24.32 USD
  Expenses:Health:Dental:Insurance                   2.90 USD
  Expenses:Health:Medical:Insurance                 27.38 USD
  Expenses:Health:Vision:Insurance                  42.30 USD
  Expenses:Taxes:Y2021:US:Medicare                 106.62 USD
  Expenses:Taxes:Y2021:US:Federal                 1062.92 USD
  Expenses:Taxes:Y2021:US:State                    365.08 USD
  Expenses:Taxes:Y2021:US:CityNYC                  174.92 USD
  Expenses:Taxes:Y2021:US:SDI                        1.12 USD
  Expenses:Taxes:Y2021:US:SocSec                   281.54 USD
  Assets:US:Federal:PreTax401k                       0.00 IRAUSD
  Assets:US:Hoogle:Vacation                             5 VACHR
  Income:US:Hoogle:Vacation                            -5 VACHR

2021-09-23 * "Hoogle" "Payroll"
  Assets:US:BofA:Checking                         2550.60 USD
  Income:US:Hoogle:Salary                        -4615.38 USD
  Income:US:Hoogle:GroupTermLife                   -24.32 USD
  Expenses:Health:Life:GroupTermLife                24.32 USD
  Expenses:Health:Dental:Insurance                   2.90 USD
  Expenses:Health:Medical:Insurance                 27.38 USD
  Expenses:Health:Vision:Insurance                  42.30 USD
  Expenses:Taxes:Y2021:US:Medicare                 106.62 USD
  Expenses:Taxes:Y2021:US:Federal                 1062.92 USD
  Expenses:Taxes:Y2021:US:State                    365.08 USD
  Expenses:Taxes:Y2021:US:CityNYC                  174.92 USD
  Expenses:Taxes:Y2021:US:SDI                        1.12 USD
  Expenses:Taxes:Y2021:US:SocSec                   281.54 USD
  Assets:US:Federal:PreTax401k                       0.00 IRAUSD
  Assets:US:Hoogle:Vacation                             5 VACHR
  Income:US:Hoogle:Vacation                            -5 VACHR

2021-10-07 * "Hoogle" "Payroll"
  Assets:US:BofA:Checking                         2550.60 USD
  Income:US:Hoogle:Salary                        -4615.38 USD
  Income:US:Hoogle:GroupTermLife                   -24.32 USD
  Expenses:Health:Life:GroupTermLife                24.32 USD
  Expenses:Health:Dental:Insurance                   2.90 USD
  Expenses:Health:Medical:Insurance                 27.38 USD
  Expenses:Health:Vision:Insurance                  42.30 USD
  Expenses:Taxes:Y2021:US:Medicare                 106.62 USD
  Expenses:Taxes:Y2021:US:Federal                 1062.92 USD
  Expenses:Taxes:Y2021:US:State                    365.08 USD
  Expenses:Taxes:Y2021:US:CityNYC                  174.92 USD
  Expenses:Taxes:Y2021:US:SDI                        1.12 USD
  Expenses:Taxes:Y2021:US:SocSec                   281.54 USD
  Assets:US:Federal:PreTax401k                       0.00 IRAUSD
  Assets:US:Hoogle:Vacation                             5 VACHR
  Income:US:Hoogle:Vacation                            -5 VACHR

2021-10-21 * "Hoogle" "Payroll"
  Assets:US:BofA:Checking                         2550.60 USD
  Income:US:Hoogle:Salary                        -4615.38 USD
  Income:US:Hoogle:GroupTermLife                   -24.32 USD
  Expenses:Health:Life:GroupTermLife                24.32 USD
  Expenses:Health:Dental:Insurance                   2.90 USD
  Expenses:Health:Medical:Insurance                 27.38 USD
  Expenses:Health:Vision:Insurance                  42.30 USD
  Expenses:Taxes:Y2021:US:Medicare                 106.62 USD
  Expenses:Taxes:Y2021:US:Federal                 1062.92 USD
  Expenses:Taxes:Y2021:US:State                    365.08 USD
  Expenses:Taxes:Y2021:US:CityNYC                  174.92 USD
  Expenses:Taxes:Y2021:US:SDI                        1.12 USD
  Expenses:Taxes:Y2021:US:SocSec                   281.54 USD
  Assets:US:Federal:PreTax401k                       0.00 IRAUSD
  Assets:US:Hoogle:Vacation                             5 VACHR
  Income:US:Hoogle:Vacation                            -5 VACHR

2021-11-04 * "Hoogle" "Payroll"
  Assets:US:BofA:Checking                         2550.60 USD
  Income:US:Hoogle:Salary                        -4615.38 USD
  Income:US:Hoogle:GroupTermLife                   -24.32 USD
  Expenses:Health:Life:GroupTermLife                24.32 USD
  Expenses:Health:Dental:Insurance                   2.90 USD
  Expenses:Health:Medical:Insurance                 27.38 USD
  Expenses:Health:Vision:Insurance                  42.30 USD
  Expenses:Taxes:Y2021:US:Medicare                 106.62 USD
  Expenses:Taxes:Y2021:US:Federal                 1062.92 USD
  Expenses:Taxes:Y2021:US:State                    365.08 USD
  Expenses:Taxes:Y2021:US:CityNYC                  174.92 USD
  Expenses:Taxes:Y2021:US:SDI                        1.12 USD
  Expenses:Taxes:Y2021:US:SocSec                   281.54 USD
  Assets:US:Federal:PreTax401k                       0.00 IRAUSD
  Assets:US:Hoogle:Vacation                             5 VACHR
  Income:US:Hoogle:Vacation                            -5 VACHR

2021-11-18 * "Hoogle" "Payroll"
  Assets:US:BofA:Checking                         2550.60 USD
  Income:US:Hoogle:Salary                        -4615.38 USD
  Income:US:Hoogle:GroupTermLife                   -24.32 USD
  Expenses:Health:Life:GroupTermLife                24.32 USD
  Expenses:Health:Dental:Insurance                   2.90 USD
  Expenses:Health:Medical:Insurance                 27.38 USD
  Expenses:Health:Vision:Insurance                  42.30 USD
  Expenses:Taxes:Y2021:US:Medicare                 106.62 USD
  Expenses:Taxes:Y2021:US:Federal                 1062.92 USD
  Expenses:Taxes:Y2021:US:State                    365.08 USD
  Expenses:Taxes:Y2021:US:CityNYC                  174.92 USD
  Expenses:Taxes:Y2021:US:SDI                        1.12 USD
  Expenses:Taxes:Y2021:US:SocSec                   281.54 USD
  Assets:US:Federal:PreTax401k                       0.00 IRAUSD
  Assets:US:Hoogle:Vacation                             5 VACHR
  Income:US:Hoogle:Vacation                            -5 VACHR

2021-12-02 * "Hoogle" "Payroll"
  Assets:US:BofA:Checking                         2550.60 USD
  Income:US:Hoogle:Salary                        -4615.38 USD
  Income:US:Hoogle:GroupTermLife                   -24.32 USD
  Expenses:Health:Life:GroupTermLife                24.32 USD
  Expenses:Health:Dental:Insurance                   2.90 USD
  Expenses:Health:Medical:Insurance                 27.38 USD
  Expenses:Health:Vision:Insurance                  42.30 USD
  Expenses:Taxes:Y2021:US:Medicare                 106.62 USD
  Expenses:Taxes:Y2021:US:Federal                 1062.92 USD
  Expenses:Taxes:Y2021:US:State                    365.08 USD
  Expenses:Taxes:Y2021:US:CityNYC                  174.92 USD
  Expenses:Taxes:Y2021:US:SDI                        1.12 USD
  Expenses:Taxes:Y2021:US:SocSec                   281.54 USD
  Assets:US:Federal:PreTax401k                       0.00 IRAUSD
  Assets:US:Hoogle:Vacation                             5 VACHR
  Income:US:Hoogle:Vacation                            -5 VACHR

2021-12-16 * "Hoogle" "Payroll"
  Assets:US:BofA:Checking                         2589.06 USD
  Income:US:Hoogle:Salary                        -4615.38 USD
  Income:US:Hoogle:GroupTermLife                   -24.32 USD
  Expenses:Health:Life:GroupTermLife                24.32 USD
  Expenses:Health:Dental:Insurance                   2.90 USD
  Expenses:Health:Medical:Insurance                 27.38 USD
  Expenses:Health:Vision:Insurance                  42.30 USD
  Expenses:Taxes:Y2021:US:Medicare                 106.62 USD
  Expenses:Taxes:Y2021:US:Federal                 1062.92 USD
  Expenses:Taxes:Y2021:US:State                    365.08 USD
  Expenses:Taxes:Y2021:US:CityNYC                  174.92 USD
  Expenses:Taxes:Y2021:US:SDI                        1.12 USD
  Expenses:Taxes:Y2021:US:SocSec                   243.08 USD
  Assets:US:Federal:PreTax401k                       0.00 IRAUSD
  Assets:US:Hoogle:Vacation                             5 VACHR
  Income:US:Hoogle:Vacation                            -5 VACHR

2021-12-30 * "Hoogle" "Payroll"
  Assets:US:BofA:Checking                         2832.14 USD
  Income:US:Hoogle:Salary                        -4615.38 USD
  Income:US:Hoogle:GroupTermLife                   -24.32 USD
  Expenses:Health:Life:GroupTermLife                24.32 USD
  Expenses:Health:Dental:Insurance                   2.90 USD
  Expenses:Health:Medical:Insurance                 27.38 USD
  Expenses:Health:Vision:Insurance                  42.30 USD
  Expenses:Taxes:Y2021:US:Medicare                 106.62 USD
  Expenses:Taxes:Y2021:US:Federal                 1062.92 USD
  Expenses:Taxes:Y2021:US:State                    365.08 USD
  Expenses:Taxes:Y2021:US:CityNYC                  174.92 USD
  Expenses:Taxes:Y2021:US:SDI                        1.12 USD
  Expenses:Taxes:Y2021:US:SocSec                     0.00 USD
  Assets:US:Federal:PreTax401k                       0.00 IRAUSD
  Assets:US:Hoogle:Vacation                             5 VACHR
  Income:US:Hoogle:Vacation                            -5 VACHR

2022-01-13 * "Hoogle" "Payroll"
  Assets:US:BofA:Checking                         1350.60 USD
  Assets:US:Vanguard:Cash                         1200.00 USD
  Income:US:Hoogle:Salary                        -4615.38 USD
  Income:US:Hoogle:GroupTermLife                   -24.32 USD
  Expenses:Health:Life:GroupTermLife                24.32 USD
  Expenses:Health:Dental:Insurance                   2.90 USD
  Expenses:Health:Medical:Insurance                 27.38 USD
  Expenses:Health:Vision:Insurance                  42.30 USD
  Expenses:Taxes:Y2022:US:Medicare                 106.62 USD
  Expenses:Taxes:Y2022:US:Federal                 1062.92 USD
  Expenses:Taxes:Y2022:US:State                    365.08 USD
  Expenses:Taxes:Y2022:US:CityNYC                  174.92 USD
  Expenses:Taxes:Y2022:US:SDI                        1.12 USD
  Expenses:Taxes:Y2022:US:SocSec                   281.54 USD
  Assets:US:Federal:PreTax401k                   -1200.00 IRAUSD
  Expenses:Taxes:Y2022:US:Federal:PreTax401k      1200.00 IRAUSD
  Assets:US:Hoogle:Vacation                             5 VACHR
  Income:US:Hoogle:Vacation                            -5 VACHR

2022-01-27 * "Hoogle" "Payroll"
  Assets:US:BofA:Checking                         1350.60 USD
  Assets:US:Vanguard:Cash                         1200.00 USD
  Income:US:Hoogle:Salary                        -4615.38 USD
  Income:US:Hoogle:GroupTermLife                   -24.32 USD
  Expenses:Health:Life:GroupTermLife                24.32 USD
  Expenses:Health:Dental:Insurance                   2.90 USD
  Expenses:Health:Medical:Insurance                 27.38 USD
  Expenses:Health:Vision:Insurance                  42.30 USD
  Expenses:Taxes:Y2022:US:Medicare                 106.62 USD
  Expenses:Taxes:Y2022:US:Federal                 1062.92 USD
  Expenses:Taxes:Y2022:US:State                    365.08 USD
  Expenses:Taxes:Y2022:US:CityNYC                  174.92 USD
  Expenses:Taxes:Y2022:US:SDI                        1.12 USD
  Expenses:Taxes:Y2022:US:SocSec                   281.54 USD
  Assets:US:Federal:PreTax401k                   -1200.00 IRAUSD
  Expenses:Taxes:Y2022:US:Federal:PreTax401k      1200.00 IRAUSD
  Assets:US:Hoogle:Vacation                             5 VACHR
  Income:US:Hoogle:Vacation                            -5 VACHR

2022-02-10 * "Hoogle" "Payroll"
  Assets:US:BofA:Checking                         1350.60 USD
  Assets:US:Vanguard:Cash                         1200.00 USD
  Income:US:Hoogle:Salary                        -4615.38 USD
  Income:US:Hoogle:GroupTermLife                   -24.32 USD
  Expenses:Health:Life:GroupTermLife                24.32 USD
  Expenses:Health:Dental:Insurance                   2.90 USD
  Expenses:Health:Medical:Insurance                 27.38 USD
  Expenses:Health:Vision:Insurance                  42.30 USD
  Expenses:Taxes:Y2022:US:Medicare                 106.62 USD
  Expenses:Taxes:Y2022:US:Federal                 1062.92 USD
  Expenses:Taxes:Y2022:US:State                    365.08 USD
  Expenses:Taxes:Y2022:US:CityNYC                  174.92 USD
  Expenses:Taxes:Y2022:US:SDI                        1.12 USD
  Expenses:Taxes:Y2022:US:SocSec                   281.54 USD
  Assets:US:Federal:PreTax401k                   -1200.00 IRAUSD
  Expenses:Taxes:Y2022:US:Federal:PreTax401k      1200.00 IRAUSD
  Assets:US:Hoogle:Vacation                             5 VACHR
  Income:US:Hoogle:Vacation                            -5 VACHR

2022-02-24 * "Hoogle" "Payroll"
  Assets:US:BofA:Checking                         1350.60 USD
  Assets:US:Vanguard:Cash                         1200.00 USD
  Income:US:Hoogle:Salary                        -4615.38 USD
  Income:US:Hoogle:GroupTermLife                   -24.32 USD
  Expenses:Health:Life:GroupTermLife                24.32 USD
  Expenses:Health:Dental:Insurance                   2.90 USD
  Expenses:Health:Medical:Insurance                 27.38 USD
  Expenses:Health:Vision:Insurance                  42.30 USD
  Expenses:Taxes:Y2022:US:Medicare                 106.62 USD
  Expenses:Taxes:Y2022:US:Federal                 1062.92 USD
  Expenses:Taxes:Y2022:US:State                    365.08 USD
  Expenses:Taxes:Y2022:US:CityNYC                  174.92 USD
  Expenses:Taxes:Y2022:US:SDI                        1.12 USD
  Expenses:Taxes:Y2022:US:SocSec                   281.54 USD
  Assets:US:Federal:PreTax401k                   -1200.00 IRAUSD
  Expenses:Taxes:Y2022:US:Federal:PreTax401k      1200.00 IRAUSD
  Assets:US:Hoogle:Vacation                             5 VACHR
  Income:US:Hoogle:Vacation                            -5 VACHR

2022-03-10 * "Hoogle" "Payroll"
  Assets:US:BofA:Checking                         1350.60 USD
  Assets:US:Vanguard:Cash                         1200.00 USD
  Income:US:Hoogle:Salary                        -4615.38 USD
  Income:US:Hoogle:GroupTermLife                   -24.32 USD
  Expenses:Health:Life:GroupTermLife                24.32 USD
  Expenses:Health:Dental:Insurance                   2.90 USD
  Expenses:Health:Medical:Insurance                 27.38 USD
  Expenses:Health:Vision:Insurance                  42.30 USD
  Expenses:Taxes:Y2022:US:Medicare                 106.62 USD
  Expenses:Taxes:Y2022:US:Federal                 1062.92 USD
  Expenses:Taxes:Y2022:US:State                    365.08 USD
  Expenses:Taxes:Y2022:US:CityNYC                  174.92 USD
  Expenses:Taxes:Y2022:US:SDI                        1.12 USD
  Expenses:Taxes:Y2022:US:SocSec                   281.54 USD
  Assets:US:Federal:PreTax401k                   -1200.00 IRAUSD
  Expenses:Taxes:Y2022:US:Federal:PreTax401k      1200.00 IRAUSD
  Assets:US:Hoogle:Vacation                             5 VACHR
  Income:US:Hoogle:Vacation                            -5 VACHR

2022-03-24 * "Hoogle" "Payroll"
  Assets:US:BofA:Checking                         1350.60 USD
  Assets:US:Vanguard:Cash                         1200.00 USD
  Income:US:Hoogle:Salary                        -4615.38 USD
  Income:US:Hoogle:GroupTermLife                   -24.32 USD
  Expenses:Health:Life:GroupTermLife                24.32 USD
  Expenses:Health:Dental:Insurance                   2.90 USD
  Expenses:Health:Medical:Insurance                 27.38 USD
  Expenses:Health:Vision:Insurance                  42.30 USD
  Expenses:Taxes:Y2022:US:Medicare                 106.62 USD
  Expenses:Taxes:Y2022:US:Federal                 1062.92 USD
  Expenses:Taxes:Y2022:US:State                    365.08 USD
  Expenses:Taxes:Y2022:US:CityNYC                  174.92 USD
  Expenses:Taxes:Y2022:US:SDI                        1.12 USD
  Expenses:Taxes:Y2022:US:SocSec                   281.54 USD
  Assets:US:Federal:PreTax401k                   -1200.00 IRAUSD
  Expenses:Taxes:Y2022:US:Federal:PreTax401k      1200.00 IRAUSD
  Assets:US:Hoogle:Vacation                             5 VACHR
  Income:US:Hoogle:Vacation                            -5 VACHR

2022-04-07 * "Hoogle" "Payroll"
  Assets:US:BofA:Checking                         1350.60 USD
  Assets:US:Vanguard:Cash                         1200.00 USD
  Income:US:Hoogle:Salary                        -4615.38 USD
  Income:US:Hoogle:GroupTermLife                   -24.32 USD
  Expenses:Health:Life:GroupTermLife                24.32 USD
  Expenses:Health:Dental:Insurance                   2.90 USD
  Expenses:Health:Medical:Insurance                 27.38 USD
  Expenses:Health:Vision:Insurance                  42.30 USD
  Expenses:Taxes:Y2022:US:Medicare                 106.62 USD
  Expenses:Taxes:Y2022:US:Federal                 1062.92 USD
  Expenses:Taxes:Y2022:US:State                    365.08 USD
  Expenses:Taxes:Y2022:US:CityNYC                  174.92 USD
  Expenses:Taxes:Y2022:US:SDI                        1.12 USD
  Expenses:Taxes:Y2022:US:SocSec                   281.54 USD
  Assets:US:Federal:PreTax401k                   -1200.00 IRAUSD
  Expenses:Taxes:Y2022:US:Federal:PreTax401k      1200.00 IRAUSD
  Assets:US:Hoogle:Vacation                             5 VACHR
  Income:US:Hoogle:Vacation                            -5 VACHR

2022-04-21 * "Hoogle" "Payroll"
  Assets:US:BofA:Checking                         1350.60 USD
  Assets:US:Vanguard:Cash                         1200.00 USD
  Income:US:Hoogle:Salary                        -4615.38 USD
  Income:US:Hoogle:GroupTermLife                   -24.32 USD
  Expenses:Health:Life:GroupTermLife                24.32 USD
  Expenses:Health:Dental:Insurance                   2.90 USD
  Expenses:Health:Medical:Insurance                 27.38 USD
  Expenses:Health:Vision:Insurance                  42.30 USD
  Expenses:Taxes:Y2022:US:Medicare                 106.62 USD
  Expenses:Taxes:Y2022:US:Federal                 1062.92 USD
  Expenses:Taxes:Y2022:US:State                    365.08 USD
  Expenses:Taxes:Y2022:US:CityNYC                  174.92 USD
  Expenses:Taxes:Y2022:US:SDI                        1.12 USD
  Expenses:Taxes:Y2022:US:SocSec                   281.54 USD
  Assets:US:Federal:PreTax401k                   -1200.00 IRAUSD
  Expenses:Taxes:Y2022:US:Federal:PreTax401k      1200.00 IRAUSD
  Assets:US:Hoogle:Vacation                             5 VACHR
  Income:US:Hoogle:Vacation                            -5 VACHR



* Taxes

1980-05-12 open Income:US:Federal:PreTax401k                    IRAUSD
1980-05-12 open Assets:US:Federal:PreTax401k                    IRAUSD



** Tax Year 2020

2020-01-01 open Expenses:Taxes:Y2020:US:Federal:PreTax401k      IRAUSD
2020-01-01 open Expenses:Taxes:Y2020:US:Medicare                USD
2020-01-01 open Expenses:Taxes:Y2020:US:Federal                 USD
2020-01-01 open Expenses:Taxes:Y2020:US:CityNYC                 USD
2020-01-01 open Expenses:Taxes:Y2020:US:SDI                     USD
2020-01-01 open Expenses:Taxes:Y2020:US:State                   USD
2020-01-01 open Expenses:Taxes:Y2020:US:SocSec                  USD

2020-01-01 balance Assets:US:Federal:PreTax401k         0 IRAUSD

2020-01-01 * "Allowed contributions for one year"
  Income:US:Federal:PreTax401k                     -18500 IRAUSD
  Assets:US:Federal:PreTax401k                      18500 IRAUSD

2021-03-25 * "Filing taxes for 2020"
  Expenses:Taxes:Y2020:US:Federal                  473.13 USD
  Expenses:Taxes:Y2020:US:State                    377.83 USD
  Liabilities:AccountsPayable                     -850.96 USD

2021-03-26 * "FEDERAL TAXPYMT"
  Assets:US:BofA:Checking                         -473.13 USD
  Liabilities:AccountsPayable                      473.13 USD

2021-03-27 * "STATE TAX & FINANC PYMT"
  Assets:US:BofA:Checking                         -377.83 USD
  Liabilities:AccountsPayable                      377.83 USD



** Tax Year 2021

2021-01-01 open Expenses:Taxes:Y2021:US:Federal:PreTax401k      IRAUSD
2021-01-01 open Expenses:Taxes:Y2021:US:Medicare                USD
2021-01-01 open Expenses:Taxes:Y2021:US:Federal                 USD
2021-01-01 open Expenses:Taxes:Y2021:US:CityNYC                 USD
2021-01-01 open Expenses:Taxes:Y2021:US:SDI                     USD
2021-01-01 open Expenses:Taxes:Y2021:US:State                   USD
2021-01-01 open Expenses:Taxes:Y2021:US:SocSec                  USD

2021-01-01 balance Assets:US:Federal:PreTax401k         0 IRAUSD

2021-01-01 * "Allowed contributions for one year"
  Income:US:Federal:PreTax401k                     -18500 IRAUSD
  Assets:US:Federal:PreTax401k                      18500 IRAUSD

2022-03-21 * "Filing taxes for 2021"
  Expenses:Taxes:Y2021:US:Federal                  468.45 USD
  Expenses:Taxes:Y2021:US:State                    399.32 USD
  Liabilities:AccountsPayable                     -867.77 USD

2022-03-24 * "STATE TAX & FINANC PYMT"
  Assets:US:BofA:Checking                         -399.32 USD
  Liabilities:AccountsPayable                      399.32 USD

2022-03-25 * "FEDERAL TAXPYMT"
  Assets:US:BofA:Checking                         -468.45 USD
  Liabilities:AccountsPayable                      468.45 USD



** Tax Year 2022

2022-01-01 open Expenses:Taxes:Y2022:US:Federal:PreTax401k      IRAUSD
2022-01-01 open Expenses:Taxes:Y2022:US:Medicare                USD
2022-01-01 open Expenses:Taxes:Y2022:US:Federal                 USD
2022-01-01 open Expenses:Taxes:Y2022:US:CityNYC                 USD
2022-01-01 open Expenses:Taxes:Y2022:US:SDI                     USD
2022-01-01 open Expenses:Taxes:Y2022:US:State                   USD
2022-01-01 open Expenses:Taxes:Y2022:US:SocSec                  USD

2022-01-01 balance Assets:US:Federal:PreTax401k         0 IRAUSD

2022-01-01 * "Allowed contributions for one year"
  Income:US:Federal:PreTax401k                     -18500 IRAUSD
  Assets:US:Federal:PreTax401k                      18500 IRAUSD



* Expenses

1980-05-12 open Expenses:Food:Groceries
1980-05-12 open Expenses:Food:Restaurant
1980-05-12 open Expenses:Food:Coffee
1980-05-12 open Expenses:Food:Alcohol
1980-05-12 open Expenses:Transport:Tram
1980-05-12 open Expenses:Home:Rent
1980-05-12 open Expenses:Home:Electricity
1980-05-12 open Expenses:Home:Internet
1980-05-12 open Expenses:Home:Phone
1980-05-12 open Expenses:Financial:Fees
1980-05-12 open Expenses:Financial:Commissions



* Prices

2020-01-03 price VBMPX                             103.31 USD
2020-01-03 price RGAGX                              90.31 USD
2020-01-03 price ITOT                              191.71 USD
2020-01-03 price VEA                               170.20 USD
2020-01-03 price VHT                               129.69 USD
2020-01-03 price GLD                               167.67 USD
2020-01-10 price VBMPX                             104.59 USD
2020-01-10 price RGAGX                              91.06 USD
2020-01-10 price ITOT                              190.69 USD
2020-01-10 price VEA                               169.87 USD
2020-01-10 price VHT                               129.09 USD
2020-01-10 price GLD                               166.73 USD
2020-01-17 price VBMPX                             104.66 USD
2020-01-17 price RGAGX                              91.01 USD
2020-01-17 price ITOT                              190.33 USD
2020-01-17 price VEA                               168.42 USD
2020-01-17 price VHT                               127.02 USD
2020-01-17 price GLD                               165.07 USD
2020-01-24 price VBMPX                             105.31 USD
2020-01-24 price RGAGX                              91.75 USD
2020-01-24 price ITOT                              189.37 USD
2020-01-24 price VEA                               168.73 USD
2020-01-24 price VHT                               127.75 USD
2020-01-24 price GLD                               165.62 USD
2020-01-31 price VBMPX                             106.16 USD
2020-01-31 price RGAGX                              92.58 USD
2020-01-31 price ITOT                              192.00 USD
2020-01-31 price VEA                               168.24 USD
2020-01-31 price VHT                               125.92 USD
2020-01-31 price GLD                               166.57 USD
2020-02-07 price VBMPX                             107.81 USD
2020-02-07 price RGAGX                              92.72 USD
2020-02-07 price ITOT                              197.35 USD
2020-02-07 price VEA                               167.69 USD
2020-02-07 price VHT                               126.05 USD
2020-02-07 price GLD                               167.64 USD
2020-02-14 price VBMPX                             108.00 USD
2020-02-14 price RGAGX                              91.30 USD
2020-02-14 price ITOT                              197.94 USD
2020-02-14 price VEA                               168.24 USD
2020-02-14 price VHT                               126.25 USD
2020-02-14 price GLD                               167.92 USD
2020-02-21 price VBMPX                             109.03 USD
2020-02-21 price RGAGX                              91.06 USD
2020-02-21 price ITOT                              201.74 USD
2020-02-21 price VEA                               167.64 USD
2020-02-21 price VHT                               125.60 USD
2020-02-21 price GLD                               168.73 USD
2020-02-28 price VBMPX                             108.80 USD
2020-02-28 price RGAGX                              90.93 USD
2020-02-28 price ITOT                              201.12 USD
2020-02-28 price VEA                               165.18 USD
2020-02-28 price VHT                               124.72 USD
2020-02-28 price GLD                               167.91 USD
2020-03-06 price VBMPX                             109.70 USD
2020-03-06 price RGAGX                              89.04 USD
2020-03-06 price ITOT                              204.34 USD
2020-03-06 price VEA                               164.31 USD
2020-03-06 price VHT                               125.42 USD
2020-03-06 price GLD                               168.48 USD
2020-03-13 price VBMPX                             110.46 USD
2020-03-13 price RGAGX                              88.43 USD
2020-03-13 price ITOT                              207.55 USD
2020-03-13 price VEA                               164.43 USD
2020-03-13 price VHT                               127.32 USD
2020-03-13 price GLD                               169.18 USD
2020-03-20 price VBMPX                             111.72 USD
2020-03-20 price RGAGX                              88.92 USD
2020-03-20 price ITOT                              207.07 USD
2020-03-20 price VEA                               164.27 USD
2020-03-20 price VHT                               128.30 USD
2020-03-20 price GLD                               169.69 USD
2020-03-27 price VBMPX                             110.60 USD
2020-03-27 price RGAGX                              89.78 USD
2020-03-27 price ITOT                              208.28 USD
2020-03-27 price VEA                               165.03 USD
2020-03-27 price VHT                               128.24 USD
2020-03-27 price GLD                               167.77 USD
2020-04-03 price VBMPX                             111.32 USD
2020-04-03 price RGAGX                              88.66 USD
2020-04-03 price ITOT                              212.15 USD
2020-04-03 price VEA                               164.52 USD
2020-04-03 price VHT                               128.93 USD
2020-04-03 price GLD                               168.42 USD
2020-04-10 price VBMPX                             111.45 USD
2020-04-10 price RGAGX                              88.51 USD
2020-04-10 price ITOT                              213.76 USD
2020-04-10 price VEA                               164.20 USD
2020-04-10 price VHT                               130.48 USD
2020-04-10 price GLD                               168.12 USD
2020-04-17 price VBMPX                             111.31 USD
2020-04-17 price RGAGX                              89.27 USD
2020-04-17 price ITOT                              216.36 USD
2020-04-17 price VEA                               162.99 USD
2020-04-17 price VHT                               131.34 USD
2020-04-17 price GLD                               167.56 USD
2020-04-24 price VBMPX                             110.43 USD
2020-04-24 price RGAGX                              88.28 USD
2020-04-24 price ITOT                              215.79 USD
2020-04-24 price VEA                               162.85 USD
2020-04-24 price VHT                               132.27 USD
2020-04-24 price GLD                               168.56 USD
2020-05-01 price VBMPX                             110.64 USD
2020-05-01 price RGAGX                              88.14 USD
2020-05-01 price ITOT                              212.91 USD
2020-05-01 price VEA                               161.72 USD
2020-05-01 price VHT                               132.34 USD
2020-05-01 price GLD                               166.22 USD
2020-05-08 price VBMPX                             110.86 USD
2020-05-08 price RGAGX                              87.35 USD
2020-05-08 price ITOT                              212.15 USD
2020-05-08 price VEA                               160.87 USD
2020-05-08 price VHT                               133.82 USD
2020-05-08 price GLD                               165.92 USD
2020-05-15 price VBMPX                             111.70 USD
2020-05-15 price RGAGX                              87.36 USD
2020-05-15 price ITOT                              214.73 USD
2020-05-15 price VEA                               160.33 USD
2020-05-15 price VHT                               134.94 USD
2020-05-15 price GLD                               167.17 USD
2020-05-22 price VBMPX                             111.68 USD
2020-05-22 price RGAGX                              88.61 USD
2020-05-22 price ITOT                              218.61 USD
2020-05-22 price VEA                               162.62 USD
2020-05-22 price VHT                               136.39 USD
2020-05-22 price GLD                               166.95 USD
2020-05-29 price VBMPX                             111.63 USD
2020-05-29 price RGAGX                              88.56 USD
2020-05-29 price ITOT                              217.72 USD
2020-05-29 price VEA                               162.06 USD
2020-05-29 price VHT                               138.29 USD
2020-05-29 price GLD                               168.80 USD
2020-06-05 price VBMPX                             112.29 USD
2020-06-05 price RGAGX                              87.63 USD
2020-06-05 price ITOT                              212.19 USD
2020-06-05 price VEA                               160.78 USD
2020-06-05 price VHT                               137.64 USD
2020-06-05 price GLD                               167.67 USD
2020-06-12 price VBMPX                             112.12 USD
2020-06-12 price RGAGX                              86.96 USD
2020-06-12 price ITOT                              219.39 USD
2020-06-12 price VEA                               161.46 USD
2020-06-12 price VHT                               135.56 USD
2020-06-12 price GLD                               168.47 USD
2020-06-19 price VBMPX                             112.25 USD
2020-06-19 price RGAGX                              87.40 USD
2020-06-19 price ITOT                              216.28 USD
2020-06-19 price VEA                               160.54 USD
2020-06-19 price VHT                               137.36 USD
2020-06-19 price GLD                               169.04 USD
2020-06-26 price VBMPX                             111.45 USD
2020-06-26 price RGAGX                              87.13 USD
2020-06-26 price ITOT                              213.76 USD
2020-06-26 price VEA                               160.98 USD
2020-06-26 price VHT                               138.56 USD
2020-06-26 price GLD                               169.28 USD
2020-07-03 price VBMPX                             111.44 USD
2020-07-03 price RGAGX                              88.34 USD
2020-07-03 price ITOT                              219.98 USD
2020-07-03 price VEA                               161.46 USD
2020-07-03 price VHT                               139.68 USD
2020-07-03 price GLD                               169.87 USD
2020-07-10 price VBMPX                             111.89 USD
2020-07-10 price RGAGX                              88.39 USD
2020-07-10 price ITOT                              221.20 USD
2020-07-10 price VEA                               161.08 USD
2020-07-10 price VHT                               138.22 USD
2020-07-10 price GLD                               168.39 USD
2020-07-17 price VBMPX                             112.35 USD
2020-07-17 price RGAGX                              87.94 USD
2020-07-17 price ITOT                              227.03 USD
2020-07-17 price VEA                               162.14 USD
2020-07-17 price VHT                               137.47 USD
2020-07-17 price GLD                               167.88 USD
2020-07-24 price VBMPX                             112.69 USD
2020-07-24 price RGAGX                              87.50 USD
2020-07-24 price ITOT                              227.08 USD
2020-07-24 price VEA                               162.50 USD
2020-07-24 price VHT                               136.05 USD
2020-07-24 price GLD                               168.30 USD
2020-07-31 price VBMPX                             114.54 USD
2020-07-31 price RGAGX                              87.72 USD
2020-07-31 price ITOT                              224.50 USD
2020-07-31 price VEA                               161.24 USD
2020-07-31 price VHT                               136.65 USD
2020-07-31 price GLD                               168.35 USD
2020-08-07 price VBMPX                             115.07 USD
2020-08-07 price RGAGX                              87.83 USD
2020-08-07 price ITOT                              228.22 USD
2020-08-07 price VEA                               160.80 USD
2020-08-07 price VHT                               135.06 USD
2020-08-07 price GLD                               168.40 USD
2020-08-14 price VBMPX                             114.63 USD
2020-08-14 price RGAGX                              88.21 USD
2020-08-14 price ITOT                              231.58 USD
2020-08-14 price VEA                               161.53 USD
2020-08-14 price VHT                               136.25 USD
2020-08-14 price GLD                               166.92 USD
2020-08-21 price VBMPX                             115.84 USD
2020-08-21 price RGAGX                              88.90 USD
2020-08-21 price ITOT                              229.55 USD
2020-08-21 price VEA                               160.31 USD
2020-08-21 price VHT                               135.64 USD
2020-08-21 price GLD                               166.68 USD
2020-08-28 price VBMPX                             116.80 USD
2020-08-28 price RGAGX                              89.40 USD
2020-08-28 price ITOT                              232.89 USD
2020-08-28 price VEA                               161.85 USD
2020-08-28 price VHT                               135.09 USD
2020-08-28 price GLD                               167.22 USD
2020-09-04 price VBMPX                             116.43 USD
2020-09-04 price RGAGX                              90.16 USD
2020-09-04 price ITOT                              232.17 USD
2020-09-04 price VEA                               159.90 USD
2020-09-04 price VHT                               134.34 USD
2020-09-04 price GLD                               167.23 USD
2020-09-11 price VBMPX                             116.05 USD
2020-09-11 price RGAGX                              90.90 USD
2020-09-11 price ITOT                              233.03 USD
2020-09-11 price VEA                               159.45 USD
2020-09-11 price VHT                               138.35 USD
2020-09-11 price GLD                               169.30 USD
2020-09-18 price VBMPX                             116.04 USD
2020-09-18 price RGAGX                              91.90 USD
2020-09-18 price ITOT                              235.77 USD
2020-09-18 price VEA                               159.43 USD
2020-09-18 price VHT                               137.42 USD
2020-09-18 price GLD                               168.36 USD
2020-09-25 price VBMPX                             116.01 USD
2020-09-25 price RGAGX                              92.59 USD
2020-09-25 price ITOT                              235.81 USD
2020-09-25 price VEA                               158.60 USD
2020-09-25 price VHT                               138.93 USD
2020-09-25 price GLD                               169.77 USD
2020-10-02 price VBMPX                             115.78 USD
2020-10-02 price RGAGX                              92.77 USD
2020-10-02 price ITOT                              234.71 USD
2020-10-02 price VEA                               157.95 USD
2020-10-02 price VHT                               139.43 USD
2020-10-02 price GLD                               169.40 USD
2020-10-09 price VBMPX                             114.81 USD
2020-10-09 price RGAGX                              93.35 USD
2020-10-09 price ITOT                              229.13 USD
2020-10-09 price VEA                               159.71 USD
2020-10-09 price VHT                               138.95 USD
2020-10-09 price GLD                               169.55 USD
2020-10-16 price VBMPX                             114.99 USD
2020-10-16 price RGAGX                              93.96 USD
2020-10-16 price ITOT                              226.35 USD
2020-10-16 price VEA                               159.76 USD
2020-10-16 price VHT                               139.51 USD
2020-10-16 price GLD                               166.85 USD
2020-10-23 price VBMPX                             115.14 USD
2020-10-23 price RGAGX                              93.08 USD
2020-10-23 price ITOT                              224.05 USD
2020-10-23 price VEA                               159.79 USD
2020-10-23 price VHT                               140.14 USD
2020-10-23 price GLD                               167.76 USD
2020-10-30 price VBMPX                             114.83 USD
2020-10-30 price RGAGX                              93.55 USD
2020-10-30 price ITOT                              216.67 USD
2020-10-30 price VEA                               160.33 USD
2020-10-30 price VHT                               139.65 USD
2020-10-30 price GLD                               167.24 USD
2020-11-06 price VBMPX                             115.10 USD
2020-11-06 price RGAGX                              93.80 USD
2020-11-06 price ITOT                              215.63 USD
2020-11-06 price VEA                               160.60 USD
2020-11-06 price VHT                               139.52 USD
2020-11-06 price GLD                               168.51 USD
2020-11-13 price VBMPX                             113.95 USD
2020-11-13 price RGAGX                              93.78 USD
2020-11-13 price ITOT                              216.18 USD
2020-11-13 price VEA                               160.55 USD
2020-11-13 price VHT                               140.27 USD
2020-11-13 price GLD                               169.58 USD
2020-11-20 price VBMPX                             113.30 USD
2020-11-20 price RGAGX                              94.74 USD
2020-11-20 price ITOT                              223.33 USD
2020-11-20 price VEA                               160.77 USD
2020-11-20 price VHT                               139.20 USD
2020-11-20 price GLD                               169.46 USD
2020-11-27 price VBMPX                             112.87 USD
2020-11-27 price RGAGX                              95.24 USD
2020-11-27 price ITOT                              224.80 USD
2020-11-27 price VEA                               162.96 USD
2020-11-27 price VHT                               139.27 USD
2020-11-27 price GLD                               170.23 USD
2020-12-04 price VBMPX                             113.60 USD
2020-12-04 price RGAGX                              94.86 USD
2020-12-04 price ITOT                              229.48 USD
2020-12-04 price VEA                               163.37 USD
2020-12-04 price VHT                               141.02 USD
2020-12-04 price GLD                               169.78 USD
2020-12-11 price VBMPX                             113.61 USD
2020-12-11 price RGAGX                              94.56 USD
2020-12-11 price ITOT                              230.92 USD
2020-12-11 price VEA                               164.77 USD
2020-12-11 price VHT                               137.97 USD
2020-12-11 price GLD                               169.94 USD
2020-12-18 price VBMPX                             113.71 USD
2020-12-18 price RGAGX                              94.62 USD
2020-12-18 price ITOT                              233.07 USD
2020-12-18 price VEA                               164.53 USD
2020-12-18 price VHT                               139.45 USD
2020-12-18 price GLD                               170.74 USD
2020-12-25 price VBMPX                             113.47 USD
2020-12-25 price RGAGX                              95.16 USD
2020-12-25 price ITOT                              235.12 USD
2020-12-25 price VEA                               164.92 USD
2020-12-25 price VHT                               136.52 USD
2020-12-25 price GLD                               169.83 USD
2021-01-01 price VBMPX                             114.21 USD
2021-01-01 price RGAGX                              95.62 USD
2021-01-01 price ITOT                              242.88 USD
2021-01-01 price VEA                               166.42 USD
2021-01-01 price VHT                               137.62 USD
2021-01-01 price GLD                               169.25 USD
2021-01-08 price VBMPX                             116.35 USD
2021-01-08 price RGAGX                              95.64 USD
2021-01-08 price ITOT                              241.70 USD
2021-01-08 price VEA                               165.19 USD
2021-01-08 price VHT                               137.93 USD
2021-01-08 price GLD                               171.32 USD
2021-01-15 price VBMPX                             117.19 USD
2021-01-15 price RGAGX                              95.05 USD
2021-01-15 price ITOT                              241.25 USD
2021-01-15 price VEA                               166.09 USD
2021-01-15 price VHT                               139.66 USD
2021-01-15 price GLD                               171.18 USD
2021-01-22 price VBMPX                             118.53 USD
2021-01-22 price RGAGX                              94.45 USD
2021-01-22 price ITOT                              245.24 USD
2021-01-22 price VEA                               165.82 USD
2021-01-22 price VHT                               140.31 USD
2021-01-22 price GLD                               168.99 USD
2021-01-29 price VBMPX                             119.57 USD
2021-01-29 price RGAGX                              94.06 USD
2021-01-29 price ITOT                              250.23 USD
2021-01-29 price VEA                               166.33 USD
2021-01-29 price VHT                               139.01 USD
2021-01-29 price GLD                               169.61 USD
2021-02-05 price VBMPX                             120.03 USD
2021-02-05 price RGAGX                              93.58 USD
2021-02-05 price ITOT                              245.89 USD
2021-02-05 price VEA                               168.60 USD
2021-02-05 price VHT                               140.51 USD
2021-02-05 price GLD                               168.60 USD
2021-02-12 price VBMPX                             121.02 USD
2021-02-12 price RGAGX                              93.33 USD
2021-02-12 price ITOT                              241.37 USD
2021-02-12 price VEA                               168.99 USD
2021-02-12 price VHT                               141.68 USD
2021-02-12 price GLD                               169.43 USD
2021-02-19 price VBMPX                             121.23 USD
2021-02-19 price RGAGX                              93.63 USD
2021-02-19 price ITOT                              246.59 USD
2021-02-19 price VEA                               169.63 USD
2021-02-19 price VHT                               139.05 USD
2021-02-19 price GLD                               168.70 USD
2021-02-26 price VBMPX                             122.49 USD
2021-02-26 price RGAGX                              93.38 USD
2021-02-26 price ITOT                              244.06 USD
2021-02-26 price VEA                               170.07 USD
2021-02-26 price VHT                               139.39 USD
2021-02-26 price GLD                               166.72 USD
2021-03-05 price VBMPX                             123.47 USD
2021-03-05 price RGAGX                              93.61 USD
2021-03-05 price ITOT                              253.75 USD
2021-03-05 price VEA                               171.70 USD
2021-03-05 price VHT                               140.06 USD
2021-03-05 price GLD                               167.63 USD
2021-03-12 price VBMPX                             123.62 USD
2021-03-12 price RGAGX                              93.79 USD
2021-03-12 price ITOT                              256.69 USD
2021-03-12 price VEA                               173.01 USD
2021-03-12 price VHT                               139.90 USD
2021-03-12 price GLD                               166.93 USD
2021-03-19 price VBMPX                             123.91 USD
2021-03-19 price RGAGX                              94.82 USD
2021-03-19 price ITOT                              252.07 USD
2021-03-19 price VEA                               173.57 USD
2021-03-19 price VHT                               141.88 USD
2021-03-19 price GLD                               167.63 USD
2021-03-26 price VBMPX                             124.10 USD
2021-03-26 price RGAGX                              95.03 USD
2021-03-26 price ITOT                              258.96 USD
2021-03-26 price VEA                               173.49 USD
2021-03-26 price VHT                               142.00 USD
2021-03-26 price GLD                               168.94 USD
2021-04-02 price VBMPX                             124.91 USD
2021-04-02 price RGAGX                              95.94 USD
2021-04-02 price ITOT                              262.88 USD
2021-04-02 price VEA                               171.36 USD
2021-04-02 price VHT                               141.00 USD
2021-04-02 price GLD                               170.03 USD
2021-04-09 price VBMPX                             125.17 USD
2021-04-09 price RGAGX                              94.89 USD
2021-04-09 price ITOT                              263.49 USD
2021-04-09 price VEA                               172.96 USD
2021-04-09 price VHT                               143.76 USD
2021-04-09 price GLD                               169.76 USD
2021-04-16 price VBMPX                             124.52 USD
2021-04-16 price RGAGX                              94.56 USD
2021-04-16 price ITOT                              266.19 USD
2021-04-16 price VEA                               171.84 USD
2021-04-16 price VHT                               142.41 USD
2021-04-16 price GLD                               168.55 USD
2021-04-23 price VBMPX                             126.20 USD
2021-04-23 price RGAGX                              95.17 USD
2021-04-23 price ITOT                              267.46 USD
2021-04-23 price VEA                               172.61 USD
2021-04-23 price VHT                               142.55 USD
2021-04-23 price GLD                               169.04 USD
2021-04-30 price VBMPX                             125.33 USD
2021-04-30 price RGAGX                              95.28 USD
2021-04-30 price ITOT                              271.44 USD
2021-04-30 price VEA                               172.41 USD
2021-04-30 price VHT                               141.33 USD
2021-04-30 price GLD                               168.94 USD
2021-05-07 price VBMPX                             124.79 USD
2021-05-07 price RGAGX                              95.73 USD
2021-05-07 price ITOT                              268.10 USD
2021-05-07 price VEA                               171.28 USD
2021-05-07 price VHT                               142.88 USD
2021-05-07 price GLD                               168.29 USD
2021-05-14 price VBMPX                             124.56 USD
2021-05-14 price RGAGX                              95.06 USD
2021-05-14 price ITOT                              280.29 USD
2021-05-14 price VEA                               171.37 USD
2021-05-14 price VHT                               143.30 USD
2021-05-14 price GLD                               170.22 USD
2021-05-21 price VBMPX                             125.33 USD
2021-05-21 price RGAGX                              94.69 USD
2021-05-21 price ITOT                              284.08 USD
2021-05-21 price VEA                               171.98 USD
2021-05-21 price VHT                               144.89 USD
2021-05-21 price GLD                               171.61 USD
2021-05-28 price VBMPX                             124.90 USD
2021-05-28 price RGAGX                              95.03 USD
2021-05-28 price ITOT                              285.40 USD
2021-05-28 price VEA                               172.15 USD
2021-05-28 price VHT                               144.53 USD
2021-05-28 price GLD                               171.74 USD
2021-06-04 price VBMPX                             125.10 USD
2021-06-04 price RGAGX                              94.94 USD
2021-06-04 price ITOT                              279.79 USD
2021-06-04 price VEA                               172.20 USD
2021-06-04 price VHT                               143.76 USD
2021-06-04 price GLD                               173.41 USD
2021-06-11 price VBMPX                             125.95 USD
2021-06-11 price RGAGX                              94.10 USD
2021-06-11 price ITOT                              284.32 USD
2021-06-11 price VEA                               171.41 USD
2021-06-11 price VHT                               142.80 USD
2021-06-11 price GLD                               173.62 USD
2021-06-18 price VBMPX                             123.76 USD
2021-06-18 price RGAGX                              94.75 USD
2021-06-18 price ITOT                              289.31 USD
2021-06-18 price VEA                               172.98 USD
2021-06-18 price VHT                               144.87 USD
2021-06-18 price GLD                               172.36 USD
2021-06-25 price VBMPX                             124.32 USD
2021-06-25 price RGAGX                              95.23 USD
2021-06-25 price ITOT                              289.67 USD
2021-06-25 price VEA                               173.00 USD
2021-06-25 price VHT                               146.01 USD
2021-06-25 price GLD                               172.49 USD
2021-07-02 price VBMPX                             123.72 USD
2021-07-02 price RGAGX                              94.75 USD
2021-07-02 price ITOT                              291.82 USD
2021-07-02 price VEA                               171.90 USD
2021-07-02 price VHT                               145.52 USD
2021-07-02 price GLD                               173.30 USD
2021-07-09 price VBMPX                             123.60 USD
2021-07-09 price RGAGX                              95.20 USD
2021-07-09 price ITOT                              295.24 USD
2021-07-09 price VEA                               171.50 USD
2021-07-09 price VHT                               146.18 USD
2021-07-09 price GLD                               172.44 USD
2021-07-16 price VBMPX                             124.33 USD
2021-07-16 price RGAGX                              95.51 USD
2021-07-16 price ITOT                              301.21 USD
2021-07-16 price VEA                               171.12 USD
2021-07-16 price VHT                               147.87 USD
2021-07-16 price GLD                               173.96 USD
2021-07-23 price VBMPX                             123.55 USD
2021-07-23 price RGAGX                              96.20 USD
2021-07-23 price ITOT                              302.69 USD
2021-07-23 price VEA                               171.63 USD
2021-07-23 price VHT                               148.00 USD
2021-07-23 price GLD                               175.03 USD
2021-07-30 price VBMPX                             123.91 USD
2021-07-30 price RGAGX                              95.64 USD
2021-07-30 price ITOT                              299.49 USD
2021-07-30 price VEA                               170.58 USD
2021-07-30 price VHT                               147.17 USD
2021-07-30 price GLD                               174.29 USD
2021-08-06 price VBMPX                             123.69 USD
2021-08-06 price RGAGX                              95.13 USD
2021-08-06 price ITOT                              299.63 USD
2021-08-06 price VEA                               171.27 USD
2021-08-06 price VHT                               149.39 USD
2021-08-06 price GLD                               172.80 USD
2021-08-13 price VBMPX                             124.45 USD
2021-08-13 price RGAGX                              94.76 USD
2021-08-13 price ITOT                              305.67 USD
2021-08-13 price VEA                               172.78 USD
2021-08-13 price VHT                               150.51 USD
2021-08-13 price GLD                               173.55 USD
2021-08-20 price VBMPX                             123.32 USD
2021-08-20 price RGAGX                              94.60 USD
2021-08-20 price ITOT                              309.17 USD
2021-08-20 price VEA                               174.01 USD
2021-08-20 price VHT                               149.98 USD
2021-08-20 price GLD                               174.22 USD
2021-08-27 price VBMPX                             123.27 USD
2021-08-27 price RGAGX                              94.47 USD
2021-08-27 price ITOT                              306.79 USD
2021-08-27 price VEA                               173.42 USD
2021-08-27 price VHT                               151.57 USD
2021-08-27 price GLD                               175.42 USD
2021-09-03 price VBMPX                             123.21 USD
2021-09-03 price RGAGX                              94.61 USD
2021-09-03 price ITOT                              307.77 USD
2021-09-03 price VEA                               173.81 USD
2021-09-03 price VHT                               149.47 USD
2021-09-03 price GLD                               175.63 USD
2021-09-10 price VBMPX                             123.67 USD
2021-09-10 price RGAGX                              94.66 USD
2021-09-10 price ITOT                              311.61 USD
2021-09-10 price VEA                               172.67 USD
2021-09-10 price VHT                               147.78 USD
2021-09-10 price GLD                               176.48 USD
2021-09-17 price VBMPX                             124.20 USD
2021-09-17 price RGAGX                              95.62 USD
2021-09-17 price ITOT                              316.22 USD
2021-09-17 price VEA                               172.98 USD
2021-09-17 price VHT                               147.88 USD
2021-09-17 price GLD                               176.52 USD
2021-09-24 price VBMPX                             124.70 USD
2021-09-24 price RGAGX                              96.41 USD
2021-09-24 price ITOT                              304.66 USD
2021-09-24 price VEA                               172.63 USD
2021-09-24 price VHT                               151.44 USD
2021-09-24 price GLD                               176.73 USD
2021-10-01 price VBMPX                             124.82 USD
2021-10-01 price RGAGX                              96.37 USD
2021-10-01 price ITOT                              313.56 USD
2021-10-01 price VEA                               173.26 USD
2021-10-01 price VHT                               151.18 USD
2021-10-01 price GLD                               178.56 USD
2021-10-08 price VBMPX                             125.08 USD
2021-10-08 price RGAGX                              96.94 USD
2021-10-08 price ITOT                              318.83 USD
2021-10-08 price VEA                               173.76 USD
2021-10-08 price VHT                               152.24 USD
2021-10-08 price GLD                               179.96 USD
2021-10-15 price VBMPX                             124.59 USD
2021-10-15 price RGAGX                              97.17 USD
2021-10-15 price ITOT                              318.40 USD
2021-10-15 price VEA                               176.04 USD
2021-10-15 price VHT                               153.29 USD
2021-10-15 price GLD                               180.61 USD
2021-10-22 price VBMPX                             125.91 USD
2021-10-22 price RGAGX                              96.75 USD
2021-10-22 price ITOT                              317.30 USD
2021-10-22 price VEA                               176.68 USD
2021-10-22 price VHT                               153.06 USD
2021-10-22 price GLD                               179.36 USD
2021-10-29 price VBMPX                             125.11 USD
2021-10-29 price RGAGX                              98.21 USD
2021-10-29 price ITOT                              313.37 USD
2021-10-29 price VEA                               178.38 USD
2021-10-29 price VHT                               151.31 USD
2021-10-29 price GLD                               177.65 USD
2021-11-05 price VBMPX                             125.45 USD
2021-11-05 price RGAGX                              98.05 USD
2021-11-05 price ITOT                              319.33 USD
2021-11-05 price VEA                               178.23 USD
2021-11-05 price VHT                               150.19 USD
2021-11-05 price GLD                               181.15 USD
2021-11-12 price VBMPX                             126.36 USD
2021-11-12 price RGAGX                              97.73 USD
2021-11-12 price ITOT                              309.09 USD
2021-11-12 price VEA                               179.79 USD
2021-11-12 price VHT                               149.65 USD
2021-11-12 price GLD                               183.49 USD
2021-11-19 price VBMPX                             125.51 USD
2021-11-19 price RGAGX                              98.19 USD
2021-11-19 price ITOT                              323.89 USD
2021-11-19 price VEA                               179.80 USD
2021-11-19 price VHT                               150.28 USD
2021-11-19 price GLD                               185.15 USD
2021-11-26 price VBMPX                             125.89 USD
2021-11-26 price RGAGX                              97.47 USD
2021-11-26 price ITOT                              326.29 USD
2021-11-26 price VEA                               180.28 USD
2021-11-26 price VHT                               151.60 USD
2021-11-26 price GLD                               184.44 USD
2021-12-03 price VBMPX                             126.32 USD
2021-12-03 price RGAGX                              97.89 USD
2021-12-03 price ITOT                              321.94 USD
2021-12-03 price VEA                               178.91 USD
2021-12-03 price VHT                               150.59 USD
2021-12-03 price GLD                               182.83 USD
2021-12-10 price VBMPX                             127.03 USD
2021-12-10 price RGAGX                              98.70 USD
2021-12-10 price ITOT                              334.85 USD
2021-12-10 price VEA                               179.26 USD
2021-12-10 price VHT                               152.80 USD
2021-12-10 price GLD                               181.95 USD
2021-12-17 price VBMPX                             127.23 USD
2021-12-17 price RGAGX                              97.73 USD
2021-12-17 price ITOT                              334.31 USD
2021-12-17 price VEA                               181.34 USD
2021-12-17 price VHT                               150.68 USD
2021-12-17 price GLD                               182.10 USD
2021-12-24 price VBMPX                             126.72 USD
2021-12-24 price RGAGX                              97.49 USD
2021-12-24 price ITOT                              334.71 USD
2021-12-24 price VEA                               180.93 USD
2021-12-24 price VHT                               151.23 USD
2021-12-24 price GLD                               183.83 USD
2021-12-31 price VBMPX                             125.75 USD
2021-12-31 price RGAGX                              95.87 USD
2021-12-31 price ITOT                              332.59 USD
2021-12-31 price VEA                               182.05 USD
2021-12-31 price VHT                               150.19 USD
2021-12-31 price GLD                               182.32 USD
2022-01-07 price VBMPX                             126.27 USD
2022-01-07 price RGAGX                              96.03 USD
2022-01-07 price ITOT                              328.43 USD
2022-01-07 price VEA                               181.74 USD
2022-01-07 price VHT                               151.64 USD
2022-01-07 price GLD                               183.28 USD
2022-01-14 price VBMPX                             126.43 USD
2022-01-14 price RGAGX                              96.44 USD
2022-01-14 price ITOT                              323.91 USD
2022-01-14 price VEA                               183.04 USD
2022-01-14 price VHT                               151.71 USD
2022-01-14 price GLD                               185.06 USD
2022-01-21 price VBMPX                             126.83 USD
2022-01-21 price RGAGX                              95.90 USD
2022-01-21 price ITOT                              323.89 USD
2022-01-21 price VEA                               183.69 USD
2022-01-21 price VHT                               152.34 USD
2022-01-21 price GLD                               185.98 USD
2022-01-28 price VBMPX                             126.43 USD
2022-01-28 price RGAGX                              97.05 USD
2022-01-28 price ITOT                              320.27 USD
2022-01-28 price VEA                               183.36 USD
2022-01-28 price VHT                               151.91 USD
2022-01-28 price GLD                               188.89 USD
2022-02-04 price VBMPX                             127.25 USD
2022-02-04 price RGAGX                              96.52 USD
2022-02-04 price ITOT                              315.62 USD
2022-02-04 price VEA                               183.53 USD
2022-02-04 price VHT                               153.62 USD
2022-02-04 price GLD                               189.45 USD
2022-02-11 price VBMPX                             127.36 USD
2022-02-11 price RGAGX                              97.55 USD
2022-02-11 price ITOT                              301.68 USD
2022-02-11 price VEA                               183.95 USD
2022-02-11 price VHT                               155.09 USD
2022-02-11 price GLD                               191.43 USD
2022-02-18 price VBMPX                             126.16 USD
2022-02-18 price RGAGX                              98.54 USD
2022-02-18 price ITOT                              294.92 USD
2022-02-18 price VEA                               184.09 USD
2022-02-18 price VHT                               153.32 USD
2022-02-18 price GLD                               191.18 USD
2022-02-25 price VBMPX                             124.45 USD
2022-02-25 price RGAGX                              99.01 USD
2022-02-25 price ITOT                              295.34 USD
2022-02-25 price VEA                               184.69 USD
2022-02-25 price VHT                               156.10 USD
2022-02-25 price GLD                               190.47 USD
2022-03-04 price VBMPX                             125.09 USD
2022-03-04 price RGAGX                              99.04 USD
2022-03-04 price ITOT                              297.65 USD
2022-03-04 price VEA                               185.67 USD
2022-03-04 price VHT                               156.16 USD
2022-03-04 price GLD                               191.64 USD
2022-03-11 price VBMPX                             124.81 USD
2022-03-11 price RGAGX                              98.33 USD
2022-03-11 price ITOT                              293.17 USD
2022-03-11 price VEA                               183.70 USD
2022-03-11 price VHT                               157.25 USD
2022-03-11 price GLD                               192.51 USD
2022-03-18 price VBMPX                             125.25 USD
2022-03-18 price RGAGX                              98.35 USD
2022-03-18 price ITOT                              286.44 USD
2022-03-18 price VEA                               184.09 USD
2022-03-18 price VHT                               157.15 USD
2022-03-18 price GLD                               191.40 USD
2022-03-25 price VBMPX                             125.61 USD
2022-03-25 price RGAGX                              98.45 USD
2022-03-25 price ITOT                              285.85 USD
2022-03-25 price VEA                               185.51 USD
2022-03-25 price VHT                               157.37 USD
2022-03-25 price GLD                               191.92 USD
2022-04-01 price VBMPX                             125.95 USD
2022-04-01 price RGAGX                              97.11 USD
2022-04-01 price ITOT                              289.99 USD
2022-04-01 price VEA                               184.51 USD
2022-04-01 price VHT                               158.64 USD
2022-04-01 price GLD                               191.47 USD
2022-04-08 price VBMPX                             127.05 USD
2022-04-08 price RGAGX                              97.70 USD
2022-04-08 price ITOT                              281.37 USD
2022-04-08 price VEA                               185.77 USD
2022-04-08 price VHT                               158.60 USD
2022-04-08 price GLD                               193.35 USD
2022-04-15 price VBMPX                             128.23 USD
2022-04-15 price RGAGX                              97.28 USD
2022-04-15 price ITOT                              283.82 USD
2022-04-15 price VEA                               183.82 USD
2022-04-15 price VHT                               160.02 USD
2022-04-15 price GLD                               192.92 USD
2022-04-22 price VBMPX                             128.04 USD
2022-04-22 price RGAGX                              98.47 USD
2022-04-22 price ITOT                              281.05 USD
2022-04-22 price VEA                               184.07 USD
2022-04-22 price VHT                               160.56 USD
2022-04-22 price GLD                               194.44 USD
2022-04-29 price VBMPX                             128.92 USD
2022-04-29 price RGAGX                              98.35 USD
2022-04-29 price ITOT                              281.05 USD
2022-04-29 price VEA                               184.26 USD
2022-04-29 price VHT                               158.79 USD
2022-04-29 price GLD                               196.44 USD



* Cash

